2188 3044
372 195 585 232 SYMBOLAE
613 207 665 232 AD
694 208 773 232 REM
800 208 1010 233 NUMARIAM
1042 196 1452 234 MUHAMMEDANORUM.
1653 198 1674 233 9

540 449 773 485 CLASSIS
816 450 840 485 I.
885 449 1292 486 UMAJJADICUS.

836 546 886 582 *1.
915 547 1007 595 (22).

254 633 371 670 Cusus
410 643 478 679 ἂμ,
533 641 654 684 <jz-⁶²²>
701 655 770 670 cm·-
808 645 868 669 'sam
896 639 1008 682 J—‘m‘ffl
1047 638 1086 673 in
1121 637 1219 673 Vasit
1244 651 1339 673 anno
1367 638 1544 673 centesimo
1570 637 1725 674 vicesimo

107 700 197 729 seoeto
224 693 450 740 (1262743,
481 696 500 729 4
532 706 563 741 p.
595 692 675 728 Chr.
703 697 752 743 n.)

258 763 321 797 Ar.
349 762 396 796 II:
427 768 511 796 245*
564 761 799 798 Illulzammed

435 821 509 866 Qffl)
563 828 609 856 est
634 822 762 869 Zeyatus

462 880 492 911 ΑΒ
499 881 503 907 ῐ
607 880 690 916 Dei.

258 945 488 982 Notissimum
518 951 587 988 est,
617 947 829 983 numismata
855 947 1000 995 saepius
1027 960 1239 990 occurrere,
1261 960 1416 997 quorum
1444 953 1594 998 utraque
1617 951 1726 988 facies

106 1005 238 1047 aliena,
273 1005 348 1041 sive
377 1018 503 1041 errore
531 1006 606 1042 sive
634 1006 701 1042 alia
729 1006 775 1042 (le
802 1019 928 1042 caussa
956 1007 1000 1042 sit
1025 1007 1174 1049 factum,
1203 1012 1387 1043 monetam
1415 1008 1520 1056 plane
1548 1009 1726 1046 diversam

109 1064 275 1101 offerunt.
327 1067 377 1100 At
419 1065 588 1113 exempla
629 1065 811 1112 ejusmodi
840 1065 1055 1115 plerumque
1081 1066 1125 1101 ab
1154 1067 1287 1103 eodem
1316 1066 1470 1115 dynasta
1493 1072 1553 1103 aut
1581 1069 1725 1105 demum

105 1125 141 1160 in
175 1124 282 1165 urbe,
311 1123 371 1159 ubi
399 1124 552 1172 pecunia
579 1124 750 1161 continue
774 1124 998 1175 signabatur,
1027 1130 1156 1162 exorta
1183 1131 1366 1175 apparent.
1396 1126 1581 1175 Principes
1597 1132 1725 1170 autem,

106 1197 126 1219 a
156 1188 263 1234 geute
291 1196 385 1218 nova
413 1183 579 1231 profecti,
621 1183 736 1219 ferme
765 1185 841 1219 auri
865 1185 1077 1234 argentique
1107 1185 1253 1233 procusi
1277 1186 1437 1234 speciem
1467 1191 1605 1223 mutare
1632 1188 1727 1225 sole-

106 1243 201 1279 bant.
256 1242 428 1287 Quamvis
468 1243 504 1279 in
541 1242 659 1279 multis
696 1243 828 1284 numis,
869 1248 907 1279 ut
942 1243 978 1279 in
1011 1243 1072 1279 illo
1112 1257 1221 1294 supra
1248 1245 1344 1281 dicto
1373 1246 1665 1282 samarcandensi
1695 1261 1723 1283 a.

106 1303 179 1338 218
205 1302 352 1338 nomine
383 1302 530 1344 Ismaili,
557 1301 635 1338 sine
674 1301 785 1338 dubio
814 1302 1047 1346 Samanidae,
1075 1303 1260 1354 insignito,
1288 1317 1348 1341 res
1375 1304 1479 1340 facile
1510 1305 1725 1354 explicatur,

107 1374 217 1411 quum
243 1361 333 1397 haec
362 1361 448 1397 urbs
475 1374 592 1410 aeque
620 1361 716 1409 apud
743 1360 932 1398 Tahiridas
958 1374 1001 1398 ac
1028 1362 1241 1400 Samanidas
1271 1363 1453 1400 officinam
1480 1363 1631 1400 haberet
1649 1377 1727 1401 mo-

106 1420 278 1463 netalem,
307 1420 341 1456 in
370 1419 440 1456 hoc
469 1425 589 1456 tamen
616 1433 676 1456 res
703 1433 744 1456 se
768 1420 878 1470 longe
906 1420 1008 1457 aliter
1033 1420 1150 1458 habet.
1193 1423 1317 1459 Vasita
1336 1427 1419 1472 post
1438 1436 1607 1459 eversum
1623 1424 1726 1461 Kha-

106 1478 240 1515 lifatum
277 1479 549 1526 umajjadicum‚
577 1492 642 1528 per
671 1485 815 1515 centum
838 1479 915 1516 fere
944 1485 978 1516 et
1009 1481 1151 1531 triginta
1177 1494 1354 1519 annorum
1382 1482 1555 1531 spatium,
1579 1483 1726 1532 pecuni-

106 1551 162 1573 am
191 1551 264 1574 non
294 1538 471 1588 signabat,
500 1545 535 1575 et
563 1538 611 1575 ob
637 1551 716 1574 eam
744 1551 820 1574 rem
848 1538 884 1574 in
908 1538 979 1575 hoc
1004 1540 1103 1577 dirh
1115 1553 1210 1577 emo
1234 1541 1380 1578 notabili
1400 1541 1627 1578 hallucinatio
1648 1555 1725 1578 mo-

106 1598 231 1634 netarii
258 1597 446 1647 singularis
473 1603 508 1634 et
535 1598 624 1634 mira
654 1610 727 1635 non
753 1597 831 1634 sine
856 1597 1063 1635 difficultate
1091 1600 1307 1649 explicanda
1333 1600 1419 1637 mihi
1445 1601 1595 1637 videtur.
1637 1602 1723 1639 Cer-

105 1665 140 1693 te
166 1657 283 1693 nullus
305 1657 576 1706 Umajjadarum
603 1656 774 1693 dirhem
800 1656 886 1693 mihi
912 1658 1080 1701 innotuit,
1106 1660 1141 1696 in
1168 1662 1272 1709 cujus
1299 1673 1384 1697 area
1399 1673 1526 1698 aversa
1540 1659 1611 1697 hoc
1625 1673 1725 1710 sym-

108 1716 248 1757 bolum,
277 1716 312 1752 in
340 1716 573 1753 Abbasidicis
600 1729 702 1752 more
731 1721 935 1765 receptum,
964 1722 1092 1754 exstet.

180 2594 249 2619 Nova
270 2596 333 2619 Acta
351 2596 411 2627 Reg<
432 2595 487 2620 Soc.
508 2595 604 2628 L'psal.‚
624 2597 675 2622 Ser.
695 2597 742 2622 ΙΙΙ.
1536 2602 1550 2622 2
