2188 3044
624 187 902 224 MouoeRAPmA
934 195 1205 224 LEPIGONORUM.
1631 188 1678 223 35

480 290 537 325 20.
583 289 805 327 LEPIGONUM
832 298 1047 326 OAMPESTRE
1079 288 1226 335 Kindb.‚
1255 301 1287 325 n.
1313 300 1366 336 sp.

268 368 413 406 Semina
438 367 648 414 pyriformia
673 368 855 415 triquetra,
880 367 1043 414 margine
1071 366 1210 402 elevato
1235 365 1397 413 praedita.
1445 363 1606 411 Capsula
1633 364 1729 411 caly-

116 441 193 466 cem
221 427 408 464 excedens.
461 426 660 462 Peduncnli
686 426 781 462 foliis
809 426 1026 463 abbreviatis
1053 425 1261 472 plerumque
1287 425 1381 469 fulti,
1424 423 1608 471 capsulam
1647 434 1728 459 raro

115 491 300 535 aequantes
326 499 359 522 v.
390 485 590 532 saepissime
617 486 809 522 breviores.
864 485 1014 532 Stipulae
1039 485 1178 520 breves.
1223 483 1342 520 Radix
1368 482 1536 530 perennis
1557 494 1589 518 v.
1608 482 1730 518 forsan

117 547 292 584 interdum
320 556 447 581 annua.

270 616 500 665 Sperfflclarz'a
526 616 633 651 rubra
659 614 688 657 β
715 616 934 651 Atheniensis
960 614 1083 651 Heldr.
1104 618 1140 650 et
1158 614 1250 651 Sart.
1277 615 1316 649 in
1343 615 1392 649 hb.
1425 614 1548 649 Graec.
1567 626 1678 649 norm.

266 685 490 733 Lepiyo‘num
517 683 709 719 diandrum
736 682 869 718 Kindb.
898 696 972 732 syn.
1000 682 1124 731 Lepiy.
1149 697 1185 730 p.
1219 681 1238 717 7
1266 683 1322 731 (p.
1346 684 1402 730 p.)

266 753 352 788 Icon
381 756 505 788 nostra
530 751 602 787 tab.
629 750 698 796 HI,
734 750 757 785 f.
786 751 844 786 23.

270 821 357 856 Em.
384 818 508 855 Heldr.
536 819 586 854 hb.
611 831 725 866 yraec.
753 817 823 854 No
849 817 934 853 590.

265 896 359 933 Hab.
388 897 424 932 in
450 896 540 932 locis
568 895 731 932 arenosis
757 896 945 943 regionum
973 896 1182 932 calidiorum
1207 894 1303 930 haud
1331 907 1422 941 raro,
1451 899 1489 931 ut
1510 896 1547 931 in
1562 895 1728 943 Europa,

115 967 147 991 v.
168 967 196 991 c.
226 955 372 992 Graecia
398 955 443 990 ad
462 954 642 991 Athenas:
671 955 936 1005 (Ηεῐσίνεῖσήἶ),
965 954 1146 1002 Hispania
1173 954 1221 991 ad
1246 954 1389 990 Malaca
1417 955 1586 1002 (Boissz'er
1611 957 1649 991 in
1676 957 1727 992 hb.

115 1014 210 1050 illus.
236 1014 340 1061 Ber.)
367 1014 404 1050 in
430 1013 557 1050 Rhodo
586 1014 814 1063 (Hedenbory
840 1015 879 1050 in
898 1014 992 1050 [llus.
1013 1015 1167 1062 Hom),
1195 1015 1231 1050 in
1259 1015 1387 1063 Africa
1413 1027 1445 1050 V.
1475 1026 1503 1050 c.
1532 1015 1729 1063 Abyssinia

117 1075 288 1123 (Schsimp.
316 1075 355 1109 in
382 1073 476 1109 [llus.
504 1074 619 1122 Bw),
647 1074 684 1109 in
709 1085 821 1121 prom.
848 1074 881 1110 b.
910 1074 989 1121 spei
1016 1073 1170 1118 (Eolclon
1197 1075 1236 1110 in
1261 1074 1356 1110 Mus.
1384 1074 1499 1122 Rern).

271 1151 421 1198 Species
447 1151 539 1187 inter
567 1151 679 1199 Lepiq.
706 1151 853 1186 rubrum
880 1154 916 1186 et
943 1151 1056 1199 [φήῃ.
1093 1152 1246 1187 salinum
1285 1151 1393 1199 plane
1432 1151 1567 1197 media,
1608 1152 1731 1188 habitu

115 1211 209 1247 enim
235 1214 421 1257 utrumque
447 1210 564 1246 refert.
618 1209 652 1246 A
680 1211 792 1258 ἱερὴ).
820 1211 923 1246 rubro
951 1210 1198 1257 distinguitur:
1227 1210 1386 1257 capsulis
1413 1210 1608 1247 minoribus
1635 1211 1729 1259 caly-

116 1282 193 1306 cem
220 1269 475 1306 excedentibus
501 1269 652 1314 obtusis,
694 1269 829 1317 sepalis
860 1269 1023 1316 margine
1061 1280 1187 1316 parum
1225 1269 1411 1313 seariosis,
1452 1270 1533 1306 basi
1568 1270 1730 1317 utrinque

114 1329 256 1365 macula
281 1329 387 1375 nigra
412 1328 560 1375 notatis,
592 1328 715 1364 radice
741 1328 915 1365 validiore
941 1328 1015 1363 fere
1042 1329 1190 1375 perenni
1221 1330 1309 1377 (sec.
1338 1329 1529 1377 Helela&
1571 1329 1731 1365 caulibus

116 1387 517 1435 glanduloso-Viscosis,
561 1387 714 1423 racemis
746 1386 853 1423 valde
880 1388 1059 1434 elongatis
1088 1387 1312 1436 subaphyllis
1340 1387 1555 1434 densifloris‚
1597 1388 1730 1435 pedun-

116 1447 205 1483 culis
232 1446 399 1483 floriferis
425 1447 594 1483 brevibus
622 1451 657 1482 et
679 1447 740 1482 vix
768 1447 952 1494 capsulam
980 1447 1219 1493 aequantibus,
1248 1447 1442 1483 seminibus
1469 1459 1731 1494 nonnumquam

116 1507 231 1542 alatis.
296 1507 331 1542 A
365 1507 533 1554 Lepiyono
572 1507 684 1542 salino
717 1506 850 1542 differt:
890 1506 993 1542 caule
1020 1506 1253 1553 glanduloso,
1294 1506 1416 1542 radice
1443 1506 1634 1552 validiore7
1676 1518 1730 1543 se-

115 1565 268 1601 minibus
303 1565 449 1601 dimidio
481 1566 676 1602 minoribus
704 1565 1030 1612 griseo-brunneis7
1059 1566 1242 1602 rarissime
1270 1566 1391 1612 alatis,
1433 1567 1591 1613 capsulis
1615 1567 1730 1602 minus

116 1624 276 1660 exsertis,
311 1624 354 1674 (v.
381 1639 405 1660 s.
432 1624 495 1674 sp.)

541 1729 599 1763 21.
652 1727 875 1764 LEPIGONUM
906 1735 1158 1764 BREVIFOLIUM
1195 1728 1306 1764 Bartl.

268 1812 413 1849 Semina
438 1812 792 1859 triquetro—obovata‚
820 1812 983 1859 margine
1011 1812 1152 1848 elevato
1178 1812 1340 1860 praedita.
1382 1813 1543 1861 Oapsula
1570 1814 1730 1861 calycem

116 1871 303 1907 excedens.
356 1871 557 1907 Pedunculi
584 1871 719 1919 aphylli
751 1884 783 1907 v.
811 1872 907 1908 foliis
935 1871 1154 1908 abbreviatis
1185 1872 1278 1918 fulti,
1321 1873 1470 1920 capsula
1509 1874 1583 1909 fere
1625 1872 1731 1919 duplo

114 1930 308 1977 longiores.
362 1930 512 1977 Stipulae
538 1931 668 1967 breves
694 1931 768 1967 late
796 1935 921 1967 ovatae.
974 1931 1094 1967 Radix
1120 1932 1298 1979 perennis.

270 2011 483 2059 Lepigyonum
510 2008 725 2056 brevffolium
751 2008 861 2045 Bartl.
887 2009 940 2058 pl.
969 2009 1098 2045 Preiss.
1126 2009 1161 2050 Ζ,
1188 2020 1222 2055 p.
1249 2010 1457 2045 243—244.

269 2081 354 2116 scon
380 2083 502 2117 nostra
527 2083 550 2115 t.
577 2079 645 2125 HI,
673 2080 696 2115 f.
725 2081 783 2116 24.

267 2149 357 2184 Eoes.
383 2149 440 2185 hb.
469 2150 598 2185 Preiss.
626 2150 693 2186 N:0
725 2151 831 2187 1945.

266 2225 360 2261 Hab.
388 2226 425 2261 in
452 2226 556 2262 Nova
583 2226 784 2262 Hollandia
819 2227 882 2263 ”in
909 2228 986 2264 solo
1015 2227 1209 2264 sublimoso
1237 2227 1342 2262 vallis
1369 2239 1481 2275 prope
1509 2227 1618 2274 praed.
1646 2232 1730 2264 rust.

114 2285 220 2320 Dom.
248 2284 388 2331 Philips
416 2284 608 2334 (Victoria)
638 2285 756 2321 1840'’
785 2286 906 2322 Preiss
937 2286 959 2321 l.
989 2298 1017 2322 c.
1061 2285 1123 2336 [hb.
1152 2286 1246 2321 [llus.
1276 2286 1384 2322 Paris
1412 2293 1441 2322 et
1469 2285 1596 2336 Berol.]
1626 2290 1661 2322 et
1687 2287 1730 2322 F.

116 2344 249 2379 Mulier
276 2345 378 2391 (spec.
407 2356 423 2378 e
450 2344 694 2379 Lenormand!
720 2351 750 2380 et
777 2345 872 2380 Esus.
901 2346 1000 2393 Ber.)

268 2418 417 2466 Species
447 2419 558 2466 Lepz‘y.
585 2419 690 2454 rubro
713 2420 819 2456 valde
846 2420 989 2464 similis,
1028 2419 1092 2456 sed
1118 2420 1299 2467 praecipue
1327 2420 1512 2457 duratione
1537 2421 1670 2458 radicis
1698 2426 1733 2458 et

116 2478 258 2526 stipulis
287 2477 464 2514 distincta.
514 2476 640 2512 Herba
666 2478 1110 2527 glanduloso-pubescens.
1152 2478 1257 2515 Folia
1280 2483 1361 2516 sunt
1387 2479 1494 2515 etiam
1520 2480 1627 2516 valde
1653 2481 1732 2517 bre-

116 2537 218 2573 viora
245 2541 280 2573 et
306 2535 517 2572 internodiis
544 2546 625 2571 raro
645 2537 807 2582 aequalia.
854 2537 1003 2585 Stipulae
1021 2537 1092 2573 late
1114 2541 1230 2574 ovatae
1249 2550 1320 2575 non
1335 2538 1563 2586 acuminatae,
1584 2539 1659 2575 fere
1681 2540 1732 2577 in-
