2188 3044
518 213 540 248 2
1113 212 1150 247 C.
1179 213 1208 248 J.
1238 213 1463 255 TORNBERG,

468 316 584 366 probe
611 313 815 354 testabatur,
843 325 936 361 quae
961 311 1178 348 abundantia
1206 326 1316 362 saepe
1344 313 1433 349 mira
1460 314 1495 349 in
1522 313 1577 349 his
1604 314 1728 349 aderat
1755 313 1941 350 thesauris.
1982 313 2088 351 Numi

469 388 555 411 vero
583 374 630 410 illi
656 371 856 412 orientaleS,
888 371 993 406 unico
1021 376 1154 407 tantum
1181 385 1293 408 aureo
1322 378 1490 422 excepto,
1515 386 1643 409 omnes
1673 373 1882 415 dirhemi,
1912 386 2004 422 quos
2026 387 2090 409 vo-

468 439 556 475 cant,
588 438 696 472 erant,
724 432 758 466 in
790 429 920 478 quibus
943 430 1041 466 multi
1075 431 1273 471 mrissismi,
1301 431 1394 467 haud
1424 432 1528 480 pauci
1564 432 1686 468 inediti
1713 439 1747 468 et
1769 433 1930 468 nonnulli
1958 432 1992 468 in
2021 445 2089 468 suo

468 505 603 540 genere
631 490 698 526 soli
726 488 954 538 apparebant.
1012 490 1114 534 Quos
1144 496 1179 525 ut
1211 503 1316 539 quam
1346 491 1498 539 primum
1525 499 1791 539 cognoscerent
1806 492 1871 527 viri
1890 492 1994 534 docti,
2010 505 2090 527 mo-

468 541 571 589 netae
598 549 762 586 Arabum
793 549 906 590 amici,
936 562 1071 598 operae
1100 550 1251 598 pretium
1283 563 1339 586 me
1367 550 1541 586 facturum
1568 563 1649 586 esse
1674 551 1804 599 putavi,
1830 552 1859 587 si
1895 565 1937 587 ea
1951 551 2091 587 numis-

469 620 569 653 mata,
597 623 698 660 quae,
728 609 848 657 quoad
880 608 1000 649 sciam,
1028 609 1063 644 in
1088 609 1219 644 Suecia
1257 615 1360 645 antea
1389 623 1462 646 non
1499 610 1592 645 lecta
1616 615 1745 651 essent,
1771 610 1899 646 eadem
1930 623 1998 659 qua
2026 623 2088 646 an-

468 678 524 708 tea
553 682 638 706 usus
666 682 743 704 sum
771 668 908 704 ratione
936 667 1193 703 describerem.
1247 670 1375 705 Paucis
1404 670 1515 705 modo
1545 670 1718 718 exceptis,
1748 670 1868 705 omnia
1894 669 1930 705 in
1949 669 2086 705 Numo-

468 729 635 780 phylacio
661 727 851 763 holmiensi
879 727 981 776 regio
1004 732 1143 762 servata
1170 728 1341 764 invenies.

617 788 789 825 Ordinem
830 799 949 822 rerum
978 799 1019 822 ac
1058 787 1331 835 dispositionem
1358 788 1392 823 in
1418 787 1595 823 fasciculis
1628 787 1734 835 hujus
1759 787 1880 836 scripti
1910 787 2092 836 prioribus

467 848 659 884 adhibitam
698 848 745 883 ita
770 846 827 882 hic
855 846 1029 888 retinebo,
1070 853 1105 881 ut
1130 846 1291 896 singulos
1321 860 1452 882 numos
1484 859 1633 888 summa,
1659 860 1728 896 qua
1756 848 1835 883 lieri
1859 853 1986 895 potest,
2014 847 2091 882 dili-

468 908 587 958 gentia
615 907 805 956 explicem,
833 906 951 954 potius
980 905 1121 953 culpam
1150 906 1279 941 nimiae
1295 906 1506 954 prolixitatis
1523 919 1628 955 quam
1645 907 1884 956 negligentiae
1898 906 2089 947 subiturus,

469 967 505 1003 id
533 966 644 1002 modo
672 972 848 1015 spectans,
879 970 914 1000 ut
938 964 995 999 alii
1023 963 1067 999 ab
1094 964 1169 1000 aliis
1192 964 1358 1000 facillime
1384 965 1652 1013 dignoscantur.
1706 967 1852 1002 Constat
1880 967 1984 1007 enim,
2012 978 2091 1001 mo-

469 1032 587 1062 netam
616 1025 777 1066 cuficam,
808 1036 1024 1074 quamquam
1052 1023 1184 1059 eodem
1213 1037 1307 1059 anno
1331 1024 1490 1073 locoque
1517 1024 1701 1073 signatam,
1729 1025 1952 1061 multifariam
1981 1036 2091 1073 saepe

468 1086 616 1122 variare.
670 1086 773 1129 Quae
803 1083 1062 1126 dissimilitudo,
1091 1084 1229 1119 etiamsi
1255 1084 1289 1119 in
1318 1084 1473 1119 minutiis
1502 1083 1714 1132 plerumque
1747 1085 1951 1133 conspicua,
1974 1084 2092 1119 diver-

468 1158 543 1182 sam
583 1150 702 1180 tamen
730 1156 922 1179 numorum
956 1143 1235 1192 discrepantium
1272 1143 1449 1193 originem
1477 1142 1554 1179 sine
1582 1143 1694 1179 dubio
1721 1144 1952 1180 demonstrat.
2005 1143 2091 1179 Plus

468 1205 590 1255 viginti
629 1203 850 1239 numismatis
884 1202 1050 1251 exempla
1081 1202 1275 1251 aliquando
1305 1202 1389 1238 mihi
1422 1202 1569 1251 contigit
1594 1203 1814 1245 examinare,
1842 1216 1944 1252 quae,
1973 1204 2090 1252 primo

469 1264 607 1300 obtuitu
634 1262 761 1299 similia
781 1262 866 1303 visa,
889 1261 1088 1297 accuratius
1105 1275 1192 1297 vero
1210 1267 1399 1311 perspecta
1428 1261 1530 1297 aliam
1548 1262 1935 1311 prodebantspeciem.
1963 1263 2003 1299 In
2016 1263 2092 1298 aliis

468 1324 648 1360 literarum
676 1322 793 1358 forma
832 1326 891 1356 aut
917 1334 1081 1356 arearum
1110 1322 1221 1370 spatia
1246 1322 1360 1357 solam
1392 1321 1656 1357 constituebant
1683 1322 1929 1363 differentiam,
1953 1322 1989 1357 in
2016 1322 2092 1358 aliis

469 1388 688 1424 ornamenta,
717 1381 806 1429 sigla
832 1386 867 1416 et
893 1380 1003 1430 signa,
1028 1380 1120 1416 forte
1147 1381 1439 1422 monetariorum,
1457 1383 1634 1428 majorem
1655 1381 1895 1417 diversitatem
1912 1381 2092 1417 creabant.

471 1444 588 1488 Quam
613 1455 688 1477 rem
718 1441 852 1490 optime
881 1441 1065 1489 explicare
1092 1454 1200 1489 posse
1229 1440 1314 1476 mihi
1341 1440 1505 1482 videbor,
1534 1440 1563 1476 si
1588 1446 1773 1489 putavero,
1802 1441 1933 1477 multos
1963 1453 2092 1489 opera-

471 1503 544 1538 rios
577 1502 613 1537 in
654 1501 783 1537 eadem
811 1500 955 1537 officina
984 1500 1153 1535 monetali
1180 1500 1237 1536 vel
1260 1500 1295 1536 in
1325 1499 1486 1548 pluribus
1515 1500 1679 1547 ejusdem
1711 1500 1808 1536 urbis
1832 1500 2000 1549 partibus,
2028 1513 2092 1536 sua

472 1574 653 1612 quemque
679 1560 810 1596 incude
836 1565 1016 1595 monetam
1050 1560 1222 1609 signasse.
1276 1559 1356 1595 Non
1383 1559 1483 1594 aliter
1508 1559 1543 1594 in
1566 1560 1714 1608 Europa
1745 1560 1865 1595 medio
1893 1573 1984 1595 aevo
2013 1571 2090 1595 rem

471 1622 596 1657 factam
627 1633 708 1655 esse
731 1619 906 1655 novimus.
963 1618 1151 1667 Stupentla
1177 1619 1313 1667 argenti
1339 1619 1466 1668 signati
1494 1618 1555 1660 vis,
1578 1619 1661 1655 inde
1676 1619 1720 1655 ab
1737 1619 1989 1668 antiquissimis
2003 1625 2094 1655 tem-

471 1681 620 1730 poribus
647 1680 683 1715 in
710 1679 783 1714 oris
813 1679 919 1714 maris
946 1677 1088 1713 balthici
1115 1678 1275 1718 collecta,
1300 1691 1415 1727 aeque
1431 1691 1472 1713 ac
1500 1677 1627 1727 ingens
1655 1678 1816 1727 pecunia,
1835 1679 1880 1713 de
1895 1678 2093 1727 quascrip-

471 1748 569 1776 tores
603 1739 770 1775 historiae
799 1738 981 1774 orientalis
1013 1738 1222 1773 idemtidem
1260 1738 1480 1773 mentionem
1514 1737 1654 1778 faciunt,
1690 1738 1806 1786 probe
1835 1738 1951 1779 docet,
1975 1737 2094 1772 multis

471 1799 619 1848 scalpris
646 1811 738 1846 opus
765 1797 885 1838 fuisse,
913 1803 948 1833 ut
971 1797 1174 1834 necessitati
1203 1797 1340 1846 urgenti
1368 1798 1566 1833 satisfieret.
1619 1798 1710 1833 Arte
1738 1797 1944 1833 mechanica
1967 1809 2094 1832 mone-

471 1859 597 1895 tarium
639 1857 801 1893 nondum
846 1858 1047 1904 adjuvante,
1092 1870 1183 1905 opus
1225 1870 1334 1892 omne
1367 1870 1471 1892 manu
1510 1862 1545 1892 et
1574 1856 1703 1893 malleo
1728 1862 1803 1892 erat
1831 1856 2090 1906 peragendum.

472 1920 710 1954 Instrumenta
736 1917 839 1952 etiam
868 1916 1129 1964 simplicissima
1159 1916 1261 1952 facile
1288 1916 1604 1957 transferebantur,
1632 1928 1752 1964 neque
1780 1915 2000 1963 sculptorem
2028 1927 2094 1963 po·-

471 1978 621 2014 scebant
654 1976 872 2025 peritiorem.
931 1976 982 2011 lta
1008 1976 1043 2010 in
1073 1975 1214 2023 oppidis
1252 1988 1399 2024 quoque
1440 1975 1614 2016 obscuris,
1643 1975 1716 2010 imo
1744 1975 1780 2010 in
1811 1974 1934 2010 castris
1961 1986 2092 2009 numos

473 2037 625 2087 procudi
652 2035 826 2071 videmus.
878 2034 1038 2069 Credere
1064 2047 1152 2069 vero
1183 2034 1234 2070 fas
1249 2040 1310 2075 est,
1333 2034 1570 2069 monetarium
1587 2035 1690 2083 signo
1711 2033 1868 2082 quodam
1884 2045 1952 2069 suo
1968 2045 2094 2082 quem-

474 2110 553 2147 que,
582 2096 612 2131 si
639 2107 711 2130 non
740 2107 893 2142 semper,
923 2093 1134 2141 saepissime
1168 2098 1285 2128 tamen
1314 2093 1491 2128 numisma
1518 2106 1538 2128 a
1563 2106 1602 2129 se
1634 2093 1843 2129 fabricatum
1870 2097 1996 2127 notare
2026 2104 2093 2127 vo-

472 2156 591 2196 luisse,
621 2154 821 2202 multasque
848 2153 968 2188 literas
994 2152 1203 2201 singulares,
1234 2152 1278 2187 de
1305 2165 1454 2200 quarum
1483 2152 1744 2198 significatione
1760 2151 1856 2200 apud
1877 2152 2006 2187 doctos
2022 2151 2094 2188 dis·

474 2220 644 2265 ceptatur,
670 2213 704 2248 in
731 2212 847 2248 numis
876 2211 1011 2253 obvias,
1040 2212 1085 2247 ita
1111 2223 1192 2246 esse
1221 2216 1378 2246 exortas.

624 2273 722 2308 Loca
749 2271 893 2320 patriae,
921 2284 940 2306 e
970 2269 1100 2319 quibus
1126 2269 1212 2305 varii
1240 2282 1433 2305 numorum
1458 2269 1615 2306 thesauri
1642 2269 1794 2318 profecti
1807 2274 1898 2312 sunt,
1914 2269 1971 2305 hic
1986 2269 2092 2305 etiam

474 2331 677 2370 recensebo
701 2331 819 2367 indice
848 2343 893 2366 eo
921 2329 1168 2378 locupletiore,
1186 2341 1257 2378 quo
1279 2331 1417 2376 majore
1433 2329 1552 2365 studio
1568 2328 1612 2365 ab
1631 2329 1672 2364 cl.
1689 2329 1988 2365 Hunssssssmmo
2005 2328 2092 2364 ami-

476 2393 631 2434 cissimo,
659 2403 768 2440 quum
798 2402 880 2425 eum
912 2388 1148 2430 elaborarem,
1178 2389 1321 2436 adjutus
1348 2401 1437 2424 sum.
1481 2388 1621 2424 Tabula
1638 2388 1780 2436 adjecta
1794 2386 2092 2437 aliquotdirhe-

475 2464 583 2492 mos,
610 2449 762 2485 fideliter
789 2448 997 2488 delineatos,
1025 2447 1221 2483 lectoribus
1248 2448 1386 2484 offeret.
1437 2448 1481 2484 Ut
1508 2460 1580 2483 uno
1607 2445 1691 2483 loco
1719 2453 1970 2496 argumentum
1991 2459 2092 2495 sym-

476 2511 639 2546 bolarum
664 2510 738 2556 jam
765 2508 940 2544 editarum
974 2506 1157 2548 haberent,
1187 2513 1422 2555 conspectum
1451 2507 1593 2543 urbium
1621 2506 1864 2549 monetalium,
1890 2505 1936 2541 de
1961 2504 2093 2554 quibus

477 2577 592 2604 actum
617 2573 679 2607 est,
707 2567 750 2602 ad
777 2566 913 2602 calcem
939 2566 1103 2614 opusculi
1129 2566 1294 2615 apposui.
