2188 3044
617 195 895 232 MONOGRAPHIA
931 204 1201 233 LEPIGONORUM.
1620 201 1666 236 33

104 297 223 333 nicula
248 297 354 333 valde
382 297 579 333 divaricata
606 302 641 334 et
667 298 772 345 plane
800 297 963 345 aphylla:
990 297 1182 345 pedunculi
1204 297 1351 334 floriferi
1379 300 1527 346 capsula
1547 301 1717 348 4-52p10

103 356 301 403 longiores,
330 356 531 403 capillares.
600 355 734 403 Sepala
762 360 869 392 ovata
896 357 1034 401 obtusa,
1064 357 1227 404 margine
1253 357 1326 393 late
1353 359 1523 395 scariosa.
1589 359 1719 395 Petala

104 419 212 451 ovata
238 416 375 461 obtusa,
403 415 567 462 margine
593 415 744 462 integra,
773 415 871 461 alba,
901 415 1026 463 calyce
1053 416 1161 462 paulo
1188 416 1364 453 breviora.
1405 416 1564 465 Capsula
1582 430 1715 466 magna

104 475 264 522 calycem
290 486 415 522 parum
443 474 631 520 excedens,
659 475 734 510 fere
760 473 952 510 rotundata
979 475 1107 511 obtusa
1126 475 1229 522 quasi
1247 475 1379 512 inflata.
1421 476 1566 514 Semina
1584 490 1718 525 magna

104 533 209 580 picea
235 533 458 569 tuberculata
483 534 646 580 utrinque
673 533 950 569 convexiuscula
978 533 1194 570 orbicularia
1228 535 1502 572 subreniformia
1538 536 1717 584 immargi-

104 595 190 628 nata
214 592 287 628 late
314 592 413 628 alata
445 596 490 637 (v.
517 592 592 628 sice.
618 594 696 640 sp).

328 686 369 721 Β.
422 685 703 722 Microtheca.

256 758 348 794 Haec
382 758 510 804 sectio,
552 769 657 804 quam
697 758 844 805 stirpem
882 758 1060 807 Lepiyoni
1096 760 1196 795 rubri
1233 760 1416 797 nominare
1454 773 1599 809 posses,
1641 773 1719 798 011111

105 817 264 853 sectione
290 817 488 865 posteriore
515 816 827 864 Leiospermorum
854 817 960 854 valde
987 818 1145 865 analoga
1171 822 1235 855 est.

487 889 523 939 a)
555 889 680 925 Radix
703 890 881 938 perennis,

535 1005 590 1039 18.
643 1003 867 1040 LEPIGONUM
898 1012 1124 1040 PURPUREUM
1164 1003 1308 1053 (Pers).

257 1079 403 1116 Semina
428 1079 785 1127 triquetro-obovata,
814 1081 978 1127 margine
1006 1081 1144 1117 elevato
1178 1079 1341 1128 praedita.
1408 1079 1570 1127 Capsula
1596 1078 1719 1127 calyce

105 1139 256 1175 brevior.
309 1138 510 1174 Pedunculi
535 1139 630 1175 foliis
657 1139 765 1186 plane
792 1139 967 1187 destituti,
997 1140 1147 1188 capsula
1172 1150 1299 1187 parum
1324 1139 1518 1186 longiores.
1572 1138 1721 1186 Stipulae

105 1197 235 1244 longae.
288 1196 407 1233 Radix
435 1209 561 1234 crassa
586 1198 765 1245 perennis.

259 1275 441 1310 Arenaria
460 1288 645 1323 purpurea
670 1275 772 1311 Pers.
799 1276 943 1312 encheir.
962 1276 999 1317 I,
1016 1276 1097 1312 504
1124 1287 1196 1312 sec.
1215 1275 1284 1312 le
1311 1276 1367 1324 (in
1389 1275 1441 1310 hb.
1460 1274 1555 1310 Mm.
1574 1273 1720 1321 Berol.).

260 1342 491 1390 Speryularia
516 1344 624 1379 rubra
651 1337 674 1380 ὃ
693 1357 877 1392 purpurea
902 1343 1026 1380 Fenzl.
1062 1345 1082 1380 l.
1109 1357 1135 1380 c.

260 1409 480 1458 Lepiyommn
508 1412 732 1459 capillaceum
759 1411 889 1458 Lange
916 1415 952 1448 et
977 1411 1111 1448 Kindb.
1138 1412 1178 1448 in
1204 1410 1339 1447 Botan.
1366 1410 1479 1447 Notis.
1507 1409 1579 1446 185
1587 1409 1616 1445 7.

260 1477 347 1513 Iccm
373 1481 495 1514 nostra
520 1482 544 1514 t.
571 1478 634 1525 ΙΠ,
662 1479 685 1515 f.
712 1480 770 1515 20.

261 1555 354 1591 Hab.
382 1555 419 1590 in
444 1554 535 1591 10015
563 1556 725 1592 arenosis
751 1555 939 1602 regionum
966 1555 1175 1591 calidiorum
1198 1555 1330 1601 rarius,
1358 1559 1397 1591 ut
1418 1555 1456 1591 in
1473 1554 1658 1602 Hispania
1675 1552 1722 1588 ad

108 1616 213 1663 Lugo
239 1614 407 1651 Ganiciae
435 1614 631 1664 (Lanyel),
671 1615 708 1651 111
738 1626 838 1662 prov.
866 1614 968 1650 Leon
995 1614 1042 1650 ad
1067 1615 1199 1651 Puerto
1227 1614 1272 1650 de
1298 1614 1492 1650 Manzanal
1531 1613 1720 1662 (Lanye.')‚

109 1675 156 1711 ad
181 1675 305 1711 urbem
331 1673 472 1710 Mam-it.
540 1673 619 1720 (ΠΤ.
658 1675 711 1710 hb.
750 1675 789 1710 in
820 1674 914 1710 Mus.
942 1674 1077 1720 Berol„
1118 1675 1170 1710 hb.
1210 1674 1329 1722 Fries)
1369 1674 1407 1710 in
1446 1672 1636 1709 Lusitania
1675 1670 1722 1707 ad

109 1734 246 1782 Oporto
274 1734 311 1769 in
337 1736 455 1768 monte
482 1732 591 1769 Serra
618 1733 783 1781 (Sjuyre'n
810 1734 850 1769 in
875 1733 926 1768 hb.
953 1733 1046 1769 Mus.
1082 1733 1231 1783 ζῇοεοιῑ.)3
1258 1733 1295 1769 111
1323 1733 1462 1782 Africa,
1488 1745 1521 1768 v.
1549 1743 1577 1767 0.
1604 1730 1721 1778 Abys-

108 1794 201 1830 sinia
230 1793 401 1840 (Schimp.
428 1793 467 1827 in
494 1792 588 1828 Mus.
615 1792 761 1843 BwoL).

263 1870 439 1918 Lepiyono
464 1870 567 1905 rubro
595 1869 737 1917 quidem
764 1870 885 1915 affine,
914 1869 978 1905 sed
1005 1873 1125 1905 tamen
1152 1869 1345 1904 attentione
1372 1867 1534 1915 dignum,
1563 1866 1646 1914 quia
1670 1866 1721 1901 in-

109 1930 336 1966 florescentia
364 1929 482 1977 Lepiy.
500 1930 650 1977 seyetale,
677 1929 857 1976 plerisque
880 1928 961 1964 aliis
986 1928 1248 1975 congeneribus
1265 1927 1389 1963 habitu
1408 1926 1590 1971 dissimile,
1617 1924 1722 1960 valde

111 1990 219 2025 refert
245 1993 281 2024 et
306 1988 373 2024 has
400 1989 526 2024 ambas
553 1988 694 2035 species
721 1988 824 2035 quasi
852 1988 1046 2035 conjungit.
1104 1987 1138 2023 A
1166 1987 1277 2035 Lepiy.
1303 1988 1408 2022 rubro
1440 1986 1621 2032 discrepat
1646 1987 1722 2019 tan-

111 2052 185 2083 tum
210 2047 322 2083 herba
349 2048 507 2083 exaltata
532 2047 654 2095 pedali
681 2050 817 2092 erecta,
858 2046 968 2082 ramis
996 2046 1174 2093 elongatis
1201 2045 1408 2082 divaricatis
1441 2044 1621 2092 pendulis,
1661 2054 1722 2090 pe-

114 2105 276 2142 dunculis
301 2107 409 2154 paulo
435 2106 657 2142 brevioribus
684 2107 791 2153 plane
819 2105 989 2153 aphyllis,
1014 2105 1145 2152 petalis
1173 2106 1322 2153 calycem
1354 2104 1610 2152 superantibus,
1639 2113 1721 2148 cap-

113 2165 201 2201 sulis
232 2165 354 2212 calyce
380 2165 529 2201 inclusis
556 2169 592 2201 et
619 2166 813 2202 seminibus
840 2165 955 2212 nigris
989 2164 1032 2214 (v.
1059 2165 1133 2200 sice.
1159 2167 1226 2211 sp.)

267 2241 407 2288 Lmzye,
435 2241 494 2288 qui
519 2241 612 2278 hanc
638 2242 798 2290 plantam
824 2242 943 2278 vivam
969 2241 1067 2287 vidit,
1095 2239 1254 2276 habitum
1281 2250 1304 2273 a
1329 2237 1471 2284 Vulgari
1491 2238 1600 2286 Lepiq.
1619 2237 1722 2272 rubro

114 2299 220 2336 valde
248 2298 382 2335 distare
407 2304 568 2336 testatur.

398 2400 664 2449 Lepiyonum
696 2414 964 2450 purpureum
983 2400 1001 2421 ’³‘
1035 2400 1219 2448 firmum
1273 2397 1440 2448 (Kunze).

268 2477 414 2516 Semina
440 2476 791 2524 triquetro-obovata,
822 2477 986 2524 margine
1018 2476 1226 2527 subclevato
1257 2476 1418 2524 praedjta.
1480 2473 1640 2521 capsula
1666 2485 1724 2511 ca-

315 2561 386 2586 Nova
403 2561 470 2586 Acta
487 2560 549 2592 Reg.
568 2560 625 2586 See.
644 2561 684 2587 Sc.
703 2561 775 2594 UPS„
795 2563 848 2588 111⁵
872 2562 948 2588 Se'rie.
1546 2562 1558 2583 5
