2188 3044
508 215 555 249 34
1084 209 1128 245 N.
1157 208 1198 246 O.
1226 209 1444 255 mumma,

456 319 537 367 lyce
564 315 717 354 brevior.
770 311 969 349 Pedunculi
994 310 1142 347 floriferi
1176 310 1330 358 aphylli‚
1372 310 1522 358 capsula
1553 310 1729 358 subduplo
1756 311 1948 357 longiores.
2003 312 2073 349 Sti-

457 377 553 425 pulae
578 373 801 411 lanceolatae.
853 369 972 406 Radix
998 369 1166 417 perennis
1191 368 1265 418 (5³).

611 448 865 498 ''Speryularia
892 448 1007 496 firma
1039 446 1169 483 Kunze
1207 461 1282 496 syn.
1313 447 1365 495 pl.
1393 448 1514 483 Amer.
1543 453 1648 482 austr.
1674 460 1792 490 mser„
1831 449 1941 484 Βίαν.
1969 448 2071 484 804”

456 514 522 559 (hh.
550 511 643 547 Mus.
671 508 801 554 Berol.,
835 507 913 543 sine
941 506 1222 556 descriptionel)

609 575 840 626 Speryularz’a
866 575 968 610 laevis
996 572 1120 610 Camb.
1148 573 1177 616 β
1205 581 1325 623 aptera
1353 573 1421 610 le
1450 573 1505 623 (hb
1533 573 1663 621 Berol.)

607 645 704 682 Icon.
731 646 855 680 nostra
880 646 904 678 t.
931 641 1000 687 ΠΙ,
1028 642 1051 677 f.
1080 643 1137 677 21.

608 715 697 750 ans.
721 711 868 759 Poppig
893 711 966 746 coll.
986 710 1037 758 pl.
1064 709 1140 745 chil.
1164 710 1242 746 III.

609 790 704 827 Hab.
731 789 769 824 in
787 788 924 835 campis
942 786 1118 834 lapidosis
1138 788 1204 824 civ.
1226 788 1392 824 Chilensz’s
1411 787 1579 824 australis
1595 787 1640 823 ad
1655 786 1814 823 Antuco:
1841 787 1987 836 Poppig
2005 788 2027 824 l.
2044 800 2073 824 c.

609 868 642 904 E
670 866 925 915 speciminibus
955 865 1096 912 paucis,
1139 875 1219 911 quae
1248 864 1337 911 vidi,
1380 865 1424 901 de
1450 865 1518 901 hac
1544 865 1660 901 forma
1691 864 1903 900 sententiam
1940 869 2074 901 certam

455 929 617 977 praebere
644 937 715 962 non
743 925 836 960 licet.
898 923 1105 960 Verisimile
1138 928 1208 969 est,
1248 923 1342 960 hanc
1376 924 1578 961 distinctam
1613 935 1695 959 esse
1735 924 1909 971 speciem,
1953 936 2073 971 quam-

457 999 561 1036 quam
587 987 624 1022 in
651 988 746 1022 statu
774 985 871 1020 sicco
898 986 1003 1018 notas
1031 986 1148 1019 certas
1175 994 1246 1019 non
1272 983 1408 1029 inveni,
1449 995 1564 1030 neque
1591 987 1711 1019 autem
1736 983 1911 1019 rationem
1937 984 2073 1030 petalo-

454 1059 531 1084 rum
558 1044 757 1083 observavi.

605 1122 731 1159 Herba
757 1120 976 1168 glaberrima
1002 1119 1168 1155 exaltata.
1221 1117 1256 1154 A
1284 1119 1394 1166 Lepiy.
1420 1119 1521 1160 laevi,
1563 1129 1714 1165 quocum
1741 1118 1853 1154 Fenzl
1883 1119 1977 1156 hanc
2003 1120 2073 1156 for-

456 1196 550 1221 mam
578 1180 780 1229 conjungit,
820 1180 1002 1227 praecipue
1037 1178 1173 1214 differt:
1216 1177 1411 1214 seminibus
1438 1178 1552 1226 piceis
1579 1188 1695 1224 neque
1723 1177 1844 1224 alatis,
1885 1190 1952 1214 nec
1979 1190 2073 1215 com-

455 1243 609 1292 planatis
633 1238 848 1285 rotundatis,
876 1238 943 1275 sed
971 1238 1124 1274 exalatis
1151 1237 1342 1284 triquetris,
1376 1237 1526 1285 capsula
1552 1236 1687 1272 minore
1713 1236 1809 1273 haud
1833 1241 1985 1284 exserta⁷
2011 1239 2073 1274 sti-

453 1303 548 1350 pulis
574 1300 670 1337 haud
695 1298 836 1335 laceris.

748 1437 804 1472 19.
857 1434 1081 1471 LEPIGONUM
1108 1441 1399 1469 GRANDIFLORUM
1433 1432 1608 1483 (Poppig)
1639 1433 1773 1470 Kindb.

606 1521 751 1559 Semina
778 1518 1048 1569 (verisimiliter)
1076 1518 1295 1566 pyriformia.
1348 1518 1524 1554 Panicula
1553 1530 1710 1566 cymosa.
1754 1518 1954 1555 Pedluiculi
1977 1517 2071 1554 foliis

455 1582 629 1628 destituti,
658 1579 808 1627 capsula
835 1578 963 1614 saltem
990 1577 1098 1625 duplo
1125 1577 1319 1625 longiores.
1374 1576 1522 1625 Stipulae
1547 1582 1605 1614 sat
1636 1578 1830 1625 elongatae,
1872 1577 2070 1614 ovato-lan-

455 1642 614 1678 ceolatae.
667 1638 786 1675 Radix
811 1638 979 1686 perennis
1008 1636 1081 1686 (5³).

606 1717 837 1766 Sperffldaria
873 1716 1093 1764 yrandfflora
1132 1714 1246 1762 Popp.
1288 1716 1327 1750 z’n
1360 1715 1421 1751 litt.
1450 1722 1480 1751 et
1506 1715 1618 1750 Feml
1657 1713 1784 1764 (1835)
1825 1714 1865 1748 in
1897 1714 1947 1748 hb.
1976 1713 2070 1749 filus.

451 1779 537 1815 Ber.
568 1778 660 1823 (sine
688 1775 903 1825 descripti).

604 1848 834 1897 Speryularia
861 1846 1052 1883 breviuodz's
1090 1846 1220 1881 Kunze
1262 1844 1343 1891 (N:o
1375 1845 1461 1894 126)
1502 1858 1576 1893 syn.
1610 1846 1661 1893 pl.
1688 1845 1811 1880 Amer.
1840 1851 1945 1879 cmstr.
1972 1857 2068 1889 msa,

451 1910 560 1945 Βίαν.
589 1908 674 1944 865.

603 1982 689 2017 Ιεοη
715 1983 840 2015 nostra
865 1981 888 2013 t.
917 1977 980 2022 ΙΠ,
1007 1977 1030 2012 f.
1060 1976 1117 2011 22.

601 2052 690 2087 Ems.
716 2048 863 2096 P'oppig
893 2048 965 2083 coll.
986 2046 1039 2094 pl.
1069 2045 1143 2080 chit.
1170 2044 1192 2079 l.
1222 2054 1251 2078 c.

601 2129 696 2166 Hab.
723 2127 760 2162 in
787 2125 955 2162 America
982 2122 1205 2158 meridionali
1229 2119 1431 2156 rarissime:
1472 2118 1509 2154 in
1539 2118 1679 2155 fissuris
1715 2120 1853 2168 rupium
1893 2119 1981 2155 Pico
2014 2118 2067 2154 *de

448 2191 591 2238 Pilque,
619 2187 743 2224 Andes
771 2185 816 2221 de
842 2184 983 2220 Antuco
1012 2181 1168 2231 (Poppiffl
1195 2181 1234 2216 in
1260 2180 1312 2215 hb.
1340 2179 1436 2214 Mus.
1464 2178 1613 2227 Βανά.)

603 2265 776 2312 Quamvis
802 2262 906 2299 nobis
933 2273 1004 2298 non
1037 2257 1187 2304 contigit
1226 2255 1424 2303 specimina
1463 2255 1641 2302 completa
1674 2254 1812 2301 videre⁷
1852 2255 1921 2291 hoc
1948 2259 2067 2291 tamen

447 2329 526 2364 loco
555 2326 712 2374 speciem
738 2324 897 2359 inserere
925 2319 1106 2356 audemus.
1154 2316 1292 2353 Habitu
1315 2318 1351 2350 et
1370 2314 1500 2361 petalis
1528 2314 1654 2361 sepala
1680 2313 1787 2350 valde
1815 2314 2066 2362 superantibus

450 2387 496 2423 ad
524 2386 736 2435 Lepiyonum
755 2393 980 2432 purpureum
1006 2377 1161 2413 maxime
1188 2373 1460 2422 appropinquat,
1489 2385 1511 2409 a
1538 2384 1607 2419 quo
1634 2376 1753 2409 tamen
1780 2373 1910 2420 petalis
1937 2373 2065 2409 lacteis

449 2450 484 2482 et
509 2445 655 2482 floribus
681 2441 877 2490 maioribus
904 2438 1023 2474 differt
1066 2437 1113 2485 (v.
1139 2435 1214 2471 sico.
1241 2434 1308 2481 sp.)

598 2520 805 2568 Descriptio
832 2517 931 2557 nulla
958 2517 1003 2552 ab
1030 2515 1214 2551 inventore
1242 2512 1327 2548 data
1352 2511 1439 2548 mihi
1466 2514 1521 2547 est
1547 2510 1701 2557 cognita.
