2188 3044
637 195 916 232 MONOGRAPHIA
949 203 1219 232 LEPIGONORUM.
1640 195 1685 229 31

122 309 241 343 mosa3
283 296 407 343 sepala
438 296 583 341 obtusa3
623 297 782 343 capsulae
813 297 969 333 minores
1000 297 1160 344 ealyeem
1184 298 1369 343 aequantes
1396 295 1560 342 globosae
1597 295 1735 330 obtusae

123 357 167 406 (v.
193 357 268 392 sico.
294 370 344 404 sp.
373 362 404 391 et
430 353 534 403 culn),

428 469 484 503 15.
536 468 759 505 LEPIGoNuM
792 477 1113 505 TRACHYSPERMUM
1150 467 1297 512 Kindb„
1324 478 1357 502 n.
1387 478 1439 515 sp.

273 543 418 581 Semina
445 545 670 592 complanata
694 544 892 592 rotundata,
920 546 1084 592 margine
1110 557 1237 593 parum
1261 545 1400 581 elevato
1427 542 1588 591 praedita.
1643 541 1737 589 Cap-

123 603 201 639 sula
227 603 387 651 calycem
413 604 489 639 fere
521 615 683 651 aequans.
723 604 863 640 demum
894 605 1039 651 paulum
1076 604 1265 640 excedens.
1331 603 1530 640 Pedunculi
1556 602 1650 638 foliis
1679 601 1738 637 de-

123 662 251 705 stituti,
299 662 448 709 capsula
486 663 561 698 fere
602 662 708 711 duplo
744 663 937 709 longiores.
1008 663 1159 711 Stipulae
1199 662 1552 699 ovato-lanceolatae.
1618 660 1737 697 Radix

122 733 247 758 crassa
272 733 450 769 perennis.

276 793 507 841 Spergyularia
533 793 651 827 villosa
680 790 805 828 Camb.
833 793 872 828 in
901 792 951 828 St.
971 793 1051 828 Hil.
1069 794 1110 839 fl.
1137 793 1272 828 Brasil.
1300 792 1431 842 (1829)
1460 794 1580 839 2177
1611 795 1659 839 (p.
1675 792 1737 840 p.).

275 861 470 909 ”speranza
498 860 617 895 villosa
644 859 745 895 Pers.
773 874 847 908 syn.
876 861 1020 902 1,522’⁷
1050 872 1121 896 sec.
1155 861 1270 896 Camb.
1300 862 1320 896 l.
1350 874 1376 896 c.

276 928 506 976 Speryulmda
527 927 676 974 yraizdz’s
702 926 825 962 Fenzl.
854 927 893 962 in
919 927 971 962 hb.
999 927 1094 962 filus.
1123 927 1242 963 Berol.
1275 927 1323 978 (p.
1350 927 1400 977 p.)

273 1001 360 1036 Icon
385 1004 510 1036 nostra
535 1004 558 1035 t.
585 1000 635 1046 ΙΙ,
663 1001 686 1036 f.
721 1002 778 1036 16.

273 1077 425 1114 Habitat
450 1077 488 1112 in
513 1076 604 1112 loeis
632 1077 738 1112 siccis
766 1078 940 1112 Americoe
966 1077 1219 1118 meridionalis,
1251 1088 1284 1112 V.
1313 1087 1342 1111 0.
1371 1074 1475 1112 Chile
1515 1076 1675 1120 (Bertero
1702 1075 1741 1109 in

124 1137 174 1172 kb.
197 1137 293 1172 dhes.
318 1137 462 1184 Berol.),
491 1136 620 1172 Brasil.
647 1135 770 1172 merid.
797 1139 833 1172 et
859 1136 906 1172 ad
930 1136 1159 1172 Montevideo
1187 1135 1328 1184 (Sellow
1354 1138 1384 1179 ᾀ-
1407 1135 1606 1170 Humboldt
1631 1135 1670 1169 in
1688 1134 1740 1169 hb.

124 1195 265 1245 Berol.),
291 1196 329 1232 111
354 1207 454 1243 prov.
483 1194 687 1243 Cisplatina
713 1195 760 1231 ad
785 1194 1003 1231 Maldonado
1031 1198 1096 1229 010.
1126 1194 1313 1239 (Cambess.
1345 1197 1374 1238 §r
1403 1194 1454 1229 St.
1482 1193 1563 1229 Hil.
1592 1194 1612 1228 Z.
1637 1193 1689 1242 c.).

275 1262 409 1300 Canles
435 1263 611 1299 interdum
637 1263 787 1310 pedales
815 1266 850 1298 et
867 1263 970 1308 ultra,
997 1262 1108 1298 erecti
1126 1262 1347 1298 teretiusculi
1365 1274 1397 1297 v.
1416 1261 1547 1297 vetusti
1566 1260 1740 1307 quadran-

123 1323 208 1370 guli,
236 1323 356 1359 villosi
382 1335 414 1358 v.
443 1322 723 1368 glabrescentes.
777 1322 927 1369 Stipulae
954 1333 1052 1369 saepe
1078 1322 1219 1358 laeerae.
1277 1321 1384 1357 Folia
1415 1324 1521 1356 acuta
1548 1331 1646 1367 saepe
1673 1319 1741 1355 ari-

124 1386 227 1419 stata.
280 1382 480 1418 Pednnculi
505 1381 652 1417 floriferi
680 1382 828 1429 capsula
863 1381 970 1429 duplo
1010 1381 1204 1427 longiores.
1270 1380 1400 1416 Petala
1439 1380 1531 1415 alba.
1598 1378 1743 1416 Semina

122 1442 220 1477 lutea
245 1441 318 1477 late
346 1442 500 1477 obovata
527 1446 569 1486 (v.
592 1441 667 1476 sico.
694 1454 744 1489 sp.
772 1447 803 1476 et
829 1442 936 1488 cula).
988 1441 1031 1477 In
1057 1440 1138 1476 aliis
1163 1439 1325 1487 partibus
1352 1451 1432 1475 cum
1459 1439 1635 1487 Lepiyono
1663 1451 1741 1473 are-

123 1502 225 1537 nario
253 1500 419 1537 convenit
446 1504 481 1536 et
507 1511 586 1535 cum
614 1511 656 1535 eo
683 1499 788 1535 facile
816 1500 1063 1546 conjungatur,
1090 1498 1127 1534 111
1152 1499 1244 1535 ratio
1272 1498 1468 1535 indumenti
1487 1498 1661 1534 seminum
1678 1497 1740 1533 ha-

122 1560 265 1606 beatrn,
293 1559 462 1596 recedere
488 1562 608 1594 tamen
633 1558 774 1594 videtur
801 1559 920 1595 colore
946 1558 1148 1606 petalorum
1175 1562 1210 1593 et
1239 1558 1422 1594 seminum.
1475 1558 1648 1593 Putamus
1674 1556 1742 1603 igi-

122 1623 195 1665 tur,
222 1619 289 1654 has
317 1618 406 1654 duas
434 1617 575 1665 species
603 1618 705 1665 quasi
732 1619 865 1654 formas
893 1618 1070 1665 analogas
1097 1617 1282 1653 habendas
1310 1629 1402 1654 esse.
1447 1617 1588 1653 Novum
1614 1627 1743 1652 nomen

122 1678 371 1725 imposuimus,
413 1677 544 1724 quippe
574 1688 681 1723 quum
707 1677 853 1713 nomina
879 1681 986 1713 antea
1014 1677 1098 1713 data
1126 1688 1192 1712 1100
1219 1677 1293 1713 fida
1320 1677 1399 1723 sint,
1427 1688 1494 1712 1100
1522 1676 1611 1712 satis
1639 1685 1742 1710 aecu-

123 1741 203 1773 rata
230 1737 468 1784 descriptione
494 1736 660 1772 nitantm.
727 1736 912 1772 Praeterea
951 1739 1007 1772 est
1046 1735 1296 1771 vestimentum
1325 1736 1437 1772 caulis
1464 1736 1501 1771 in
1526 1735 1595 1771 hac
1623 1733 1743 1781 specie

123 1797 305 1842 variabile,
334 1807 444 1842 quare
470 1796 595 1831 formae
621 1796 894 1841 glabreseentes
921 1795 1065 1831 minime
1093 1794 1213 1841 dignae
1240 1795 1320 1836 sint,
1360 1806 1440 1841 quae
1466 1794 1608 1830 nomine
1636 1793 1743 1841 Lepi-

121 1857 208 1904 yoni
231 1856 341 1891 villosi
363 1854 605 1901 designentur.

469 1956 488 1976 ²³⁶
529 1957 792 2005 Lepiyonum
831 1956 994 1991 murale
1036 1954 1187 2001 Kindb.,
1217 1967 1250 1991 n.
1280 1955 1401 2002 subsp.

276 2035 422 2072 Semina
447 2034 504 2070 vel
536 2034 880 2081 triquetro-obovata
905 2033 964 2069 vel
989 2033 1180 2069 rotundata
1207 2032 1443 2080 complanata,
1473 2030 1635 2077 margine
1662 2029 1743 2065 sub-

128 2093 266 2129 elevato
292 2093 455 2140 praedita.
510 2092 672 2140 Capsula
699 2093 860 2140 calycem
887 2093 1032 2140 paulum
1065 2092 1254 2128 excedens.
1320 2090 1519 2127 Pedunculi
1557 2089 1743 2124 inferiores

124 2152 221 2188 foliis
247 2152 335 2196 fulti,
363 2152 490 2187 summi
517 2152 661 2200 aphylli,
683 2163 805 2188 omnes
834 2152 984 2199 capsula
1010 2153 1085 2188 fere
1113 2151 1221 2198 duplo
1247 2150 1440 2196 longiores.
1494 2148 1642 2195 Stipulae
1667 2147 1743 2182 lan-

126 2211 286 2247 ceolatae.
338 2210 458 2246 Radix
485 2223 609 2247 crassa
634 2211 812 2258 perennis.

278 2287 366 2322 Icon
391 2291 514 2331 nostra
539 2291 563 2323 t.
590 2287 639 2334 II,
675 2288 697 2323 f.
728 2289 785 2323 17.

279 2361 372 2397 Hab.
396 2362 433 2398 in
458 2362 548 2398 loeis
576 2362 738 2399 arenosis
765 2363 946 2409 murisque
973 2361 1166 2407 rarissime,
1196 2364 1235 2396 ut
1261 2360 1298 2396 in
1323 2360 1475 2407 Europa
1501 2357 1743 2403 meridionali,

126 2434 159 2458 v.
186 2433 215 2458 0.
242 2421 423 2468 Hispania
450 2420 497 2456 ad
533 2420 736 2457 Murviedro
776 2421 814 2457 in
852 2421 963 2458 muris
996 2420 1135 2457 castelli
1176 2419 1401 2469 (Willlcomm
1427 2419 1465 2454 in
1491 2419 1543 2453 hb.
1572 2416 1741 2463 Sonder),

128 2480 253 2518 Gallia
279 2479 326 2516 ad
351 2479 573 2515 Avenionem
612 2481 792 2530 (Lanye!);
831 2485 1010 2529 praeterea
1034 2479 1072 2515 in
1098 2478 1266 2515 American
1291 2477 1414 2514 merid.
1443 2476 1490 2512 ad
1517 2475 1744 2512 Montevideo

129 2541 271 2587 (Sellow
291 2539 330 2575 in
354 2538 449 2574 illus.
471 2537 611 2588 Berol.).
663 2538 805 2575 Forsan
831 2539 973 2586 species
999 2537 1154 2587 propria.
1200 2536 1345 2574 Semina
1371 2536 1408 2573 in
1434 2536 1548 2572 forma
1565 2535 1745 2582 Europaea
