2188 3044
92 222 1656 295 —ss-Q÷»>}2fflssffiaeffisffissz«w=—-

749 735 1066 793 SYMBOLAE

298 859 370 904 AD
411 859 523 904 REM
562 859 868 905 NUMARIAM
909 855 1470 905 MUHAMMEDANORUM.

860 970 977 994 Emm‘r

440 1058 703 1093 canentis
724 1059 1022 1093 Jonanmms
1044 1058 1368 1093 mormanno.

843 1136 957 1188 lv-

92 1392 200 1443 Post
224 1407 354 1443 editam
380 1408 518 1444 tertiam
547 1407 671 1444 harum
695 1408 947 1457 symbolarum
976 1405 1192 1456 particulam,
1221 1411 1272 1442 tot
1298 1405 1566 1442 numismatices
1593 1407 1711 1443 orien-

93 1467 169 1503 talis
195 1467 338 1503 fuerunt
365 1467 596 1509 incrementa,
624 1473 660 1504 ut
683 1468 802 1504 talium
831 1480 951 1503 rerum
979 1466 1131 1502 studiosi
1158 1465 1286 1501 merito
1319 1464 1530 1515 gauderent.
1576 1465 1710 1502 Nume-

92 1540 152 1562 rus
180 1526 284 1562 etiam
313 1527 475 1563 virorum
503 1526 806 1568 doctissimorum,
835 1527 904 1576 qui,
930 1526 1078 1575 vestigia
1104 1525 1136 1561 b.
1165 1524 1331 1561 Fraehnii
1368 1524 1531 1574 legentes
1558 1527 1711 1575 ejusque

94 1585 266 1621 methodo
295 1585 401 1627 duc-ti,
429 1585 518 1622 haec
546 1592 789 1628 monumenta,
830 1585 1012 1622 historiam
1038 1589 1145 1634 atque
1173 1583 1397 1633 antiquitates
1426 1583 1535 1620 Asiae
1561 1584 1711 1621 mirifice

92 1644 309 1687 illustrantia,
337 1644 430 1681 felici
452 1645 779 1695 interpretabantur
804 1657 988 1686 successu,
1012 1643 1143 1680 eodem
1165 1643 1339 1692 temporis
1351 1642 1537 1679 intervallo
1553 1643 1710 1680 maxime

94 1704 205 1739 crevit
268 1704 378 1748 Quod
402 1709 438 1740 ut
465 1705 713 1754 comprobem,
741 1705 886 1741 nomina
910 1705 1219 1745 BARTEOLOMAEL
1249 1703 1402 1744 Dorum,
1420 1702 1710 1744 KREnmLLan·

93 1774 243 1804 (31201511,
284 1762 482 1805 Mamm,
516 1765 663 1801 Sonss'rx
698 1764 738 1800 al.
775 1765 982 1800 nominasse
1024 1767 1078 1799 sat
1111 1763 1185 1799 erit.
1248 1763 1372 1811 Itaque
1406 1760 1525 1797 honos
1562 1774 1649 1797 suus
1677 1767 1711 1797 et

94 1822 310 1859 existimatio
340 1821 421 1859 huic
449 1823 592 1859 tandem
620 1823 792 1859 scientiae
822 1836 999 1859 concessa
1034 1822 1184 1864 videtur,
1208 1834 1311 1871 quae,
1332 1833 1413 1856 cum
1432 1833 1574 1856 summo
1594 1820 1710 1857 litera-

95 1894 172 1917 rum
207 1881 432 1923 detrimento,
474 1882 533 1918 diu
567 1883 599 1918 ei
630 1882 886 1930 denegabatur.
944 1882 999 1919 Ob
1034 1894 1140 1931 quam
1172 1894 1248 1917 rem
1286 1880 1505 1929 sperandum
1532 1884 1586 1915 est
1621 1879 1708 1921 fore,

96 1946 132 1976 ut
167 1941 265 1978 numi
302 1941 504 1983 orientales,
540 1941 599 1991 qui
633 1943 737 1978 etiam
766 1954 861 1978 nunc
887 1942 922 1977 in
956 1941 1102 1977 latebris
1128 1939 1492 1989 numophylaciorum
1520 1938 1630 1974 abditi
1654 1940 1708 1986 ja-

95 2005 207 2042 ceant,
234 2001 267 2036 iu
296 2000 414 2036 lucem
443 2000 621 2049 publicam
649 2001 861 2050 propediem
883 2000 1142 2050 protrahantur.

244 2059 371 2108 Neque
395 2060 429 2095 in
459 2060 588 2096 Suecia
612 2073 720 2097 curae
748 2060 938 2097 cessabant
964 2059 1010 2095 de
1036 2058 1212 2095 thesauris
1240 2071 1260 2094 e
1288 2062 1380 2094 terra
1396 2056 1537 2093 effossis
1562 2068 1708 2092 conser-

94 2119 228 2161 vandis
271 2119 331 2168 qui
371 2119 570 2168 quotannis,
609 2120 712 2168 copia
752 2120 914 2156 nondum
949 2119 1144 2160 imminuta,
1175 2117 1453 2166 frequentissimi
1486 2118 1706 2164 proveniunt.

95 2178 183 2215 Nam
225 2178 386 2227 quamvis
417 2178 519 2214 facile
553 2179 760 2220 credideris,
792 2185 909 2215 terrae
939 2178 1034 2214 cultu
1060 2176 1325 2227 progrediente,
1354 2188 1463 2224 quum
1487 2175 1606 2210 omnia
1633 2174 1708 2209 fere

96 2238 174 2273 loca
209 2237 330 2287 ligone
364 2243 398 2272 et
424 2243 541 2273 aratro
572 2244 810 2280 versarentur,
848 2237 930 2274 nihil
955 2237 1107 2286 amplius
1134 2249 1181 2272 ex
1206 2234 1387 2283 ejusmodi
1415 2233 1562 2269 cimeliis
1590 2232 1709 2282 detegi

97 2309 220 2345 posse;
253 2301 387 2332 tantum
423 2296 542 2338 abfuit,
570 2302 606 2332 ut
634 2297 679 2333 ita
708 2310 798 2346 opes
832 2297 921 2337 illae.
951 2301 1099 2346 propter
1128 2295 1243 2330 varias
1269 2305 1413 2329 caussas
1442 2292 1526 2327 olim
1555 2291 1708 2327 abscon·

97 2355 201 2397 ditae,
227 2355 492 2396 decrescerent,
519 2361 556 2391 ut
585 2369 732 2405 quoque
760 2369 854 2391 anno
880 2356 1001 2405 plures
1025 2355 1130 2390 etiam
1155 2352 1408 2389 invenirentur.
1457 2351 1503 2386 Et
1528 2363 1614 2386 sane
1633 2355 1706 2386 tan-

97 2422 170 2449 tum
198 2413 284 2455 auri,
310 2413 446 2463 argenti
468 2414 634 2463 aerisque
657 2415 808 2463 pondus,
838 2419 1008 2464 quantum
1036 2413 1150 2461 spatio
1180 2412 1338 2461 quinque
1365 2414 1424 2445 aut
1438 2422 1506 2445 sex
1531 2421 1707 2445 annorum

97 2472 264 2522 proxime
290 2473 481 2521 praeterito
508 2473 543 2508 in
574 2472 740 2509 Museum
765 2474 903 2522 regium
931 2472 1131 2509 holmiense
1158 2471 1290 2507 illatum
1314 2482 1394 2505 esse
1414 2467 1628 2516 accepimus,
1647 2469 1707 2504 vix

97 2538 200 2567 antea
228 2544 294 2580 per
321 2538 389 2568 tam
421 2531 534 2567 breve
557 2536 699 2580 tempus
734 2545 779 2568 eo
807 2532 923 2569 cessit.
973 2530 1080 2568 Haud
1110 2530 1277 2579 exiguam
1309 2527 1416 2575 hujus
1442 2526 1546 2563 molis
1570 2532 1706 2575 partem

98 2590 194 2629 numi
232 2589 436 2626 efficiebant
472 2594 508 2626 et
548 2596 766 2632 ornamenta,
807 2603 962 2640 quorum
996 2589 1170 2639 originem
1209 2588 1387 2625 asiaticam
1419 2590 1562 2622 moneta
1592 2586 1706 2621 cufica

1538 2647 1551 2679 1
