<?xml version="1.0" encoding="UTF-8"?>
<!DOCTYPE html PUBLIC "-//W3C//DTD XHTML 1.0 Transitional//EN"
    "http://www.w3.org/TR/xhtml1/DTD/xhtml1-transitional.dtd">
<html xmlns="http://www.w3.org/1999/xhtml" xml:lang="en" lang="en">
 <head>
  <title>
</title>
<meta http-equiv="Content-Type" content="text/html;charset=utf-8" />
  <meta name='ocr-system' content='tesseract 3.04.00' />
  <meta name='ocr-capabilities' content='ocr_page ocr_carea ocr_par ocr_line ocrx_word'/>
</head>
<body>
  <div class='ocr_page' id='page_1' title='image "./novaactaregiaeso346263kung_0271.png"; bbox 0 0 2188 3044; ppageno 0'>
   <div class='ocr_carea' id='block_1_1' title="bbox 628 184 1676 221">
    <p class='ocr_par' dir='ltr' id='par_1_1' title="bbox 628 184 1676 221">
     <span class='ocr_line' id='line_1_1' title="bbox 628 184 1676 221; baseline 0 -1"><span class='ocrx_word' id='word_1_1' title='bbox 628 184 907 221; x_wconf 78' lang='lat' dir='ltr'><strong>MONOGRAPHIA</strong></span> <span class='ocrx_word' id='word_1_2' title='bbox 941 191 1210 221; x_wconf 76' lang='lat' dir='ltr'>LEPIGoNomni.</span> <span class='ocrx_word' id='word_1_3' title='bbox 1630 187 1676 220; x_wconf 82' lang='lat'>41</span> 
     </span>
    </p>
   </div>
   <div class='ocr_carea' id='block_1_2' title="bbox 162 286 1725 510">
    <p class='ocr_par' dir='ltr' id='par_1_2' title="bbox 162 286 1725 510">
     <span class='ocr_line' id='line_1_2' title="bbox 320 286 529 322; baseline -0.005 0"><span class='ocrx_word' id='word_1_4' title='bbox 320 286 510 322; x_wconf 73' lang='lat' dir='ltr'>Varietates</span> <span class='ocrx_word' id='word_1_5' title='bbox 519 300 529 321; x_wconf 88' lang='grc'>.·</span> 
     </span>
     <span class='ocr_line' id='line_1_3' title="bbox 162 343 1725 395; baseline -0.001 -14"><span class='ocrx_word' id='word_1_6' title='bbox 162 345 190 388; x_wconf 73' lang='grc' dir='ltr'><em>β</em></span> <span class='ocrx_word' id='word_1_7' title='bbox 227 346 390 382; x_wconf 70' lang='lat' dir='ltr'>radimus</span> <span class='ocrx_word' id='word_1_8' title='bbox 420 344 564 395; x_wconf 87' lang='lat' dir='ltr'>(Prcsl.)</span> <span class='ocrx_word' id='word_1_9' title='bbox 596 367 646 371; x_wconf 81' lang='lat'>—</span> <span class='ocrx_word' id='word_1_10' title='bbox 673 345 834 381; x_wconf 82' lang='lat' dir='ltr'>caulibus</span> <span class='ocrx_word' id='word_1_11' title='bbox 860 344 1060 390; x_wconf 74' lang='lat' dir='ltr'>humilibus,</span> <span class='ocrx_word' id='word_1_12' title='bbox 1089 344 1298 381; x_wconf 81' lang='lat' dir='ltr'>internodiis</span> <span class='ocrx_word' id='word_1_13' title='bbox 1324 343 1431 379; x_wconf 90' lang='lat' dir='ltr'>valde</span> <span class='ocrx_word' id='word_1_14' title='bbox 1458 344 1725 390; x_wconf 76' lang='lat' dir='ltr'>approximatis,</span> 
     </span>
     <span class='ocr_line' id='line_1_4' title="bbox 227 402 1724 452; baseline -0.001 -12"><span class='ocrx_word' id='word_1_15' title='bbox 227 405 368 452; x_wconf 84' lang='lat' dir='ltr'>stipulis</span> <span class='ocrx_word' id='word_1_16' title='bbox 395 405 467 439; x_wconf 85' lang='lat' dir='ltr'>late</span> <span class='ocrx_word' id='word_1_17' title='bbox 494 404 845 450; x_wconf 85' lang='lat' dir='ltr'>ovato-lanceolatis,</span> <span class='ocrx_word' id='word_1_18' title='bbox 873 403 1041 451; x_wconf 80' lang='lat' dir='ltr'>panicula</span> <span class='ocrx_word' id='word_1_19' title='bbox 1068 404 1297 451; x_wconf 86' lang='lat' dir='ltr'>subaphylla,</span> <span class='ocrx_word' id='word_1_20' title='bbox 1337 402 1486 439; x_wconf 87' lang='lat' dir='ltr'>fioribus</span> <span class='ocrx_word' id='word_1_21' title='bbox 1512 402 1724 448; x_wconf 88' lang='lat' dir='ltr'>minoribus,</span> 
     </span>
     <span class='ocr_line' id='line_1_5' title="bbox 225 462 1466 510; baseline -0.002 -11"><span class='ocrx_word' id='word_1_22' title='bbox 225 464 346 499; x_wconf 78' lang='lat' dir='ltr'>radice</span> <span class='ocrx_word' id='word_1_23' title='bbox 374 462 616 498; x_wconf 87' lang='lat' dir='ltr'>crassiuscula</span> <span class='ocrx_word' id='word_1_24' title='bbox 644 462 833 509; x_wconf 74' lang='lat' dir='ltr'>&#39;&#39;perenni&#39;&#39;</span> <span class='ocrx_word' id='word_1_25' title='bbox 864 463 1008 509; x_wconf 74' lang='lat' dir='ltr'>(Presl.)</span> <span class='ocrx_word' id='word_1_26' title='bbox 1038 474 1065 498; x_wconf 90' lang='lat' dir='ltr'>s.</span> <span class='ocrx_word' id='word_1_27' title='bbox 1094 463 1211 510; x_wconf 90' lang='lat' dir='ltr'>potius</span> <span class='ocrx_word' id='word_1_28' title='bbox 1238 465 1466 510; x_wconf 88' lang='lat' dir='ltr'>perennante.</span> 
     </span>
    </p>
   </div>
   <div class='ocr_carea' id='block_1_3' title="bbox 109 537 1724 704">
    <p class='ocr_par' dir='ltr' id='par_1_3' title="bbox 109 537 1724 704">
     <span class='ocr_line' id='line_1_6' title="bbox 265 537 1724 587; baseline -0.001 -13"><span class='ocrx_word' id='word_1_29' title='bbox 265 538 496 587; x_wconf 68' lang='lat' dir='ltr'>Sperqularia</span> <span class='ocrx_word' id='word_1_30' title='bbox 522 538 688 574; x_wconf 62' lang='lat' dir='ltr'>redicam</span> <span class='ocrx_word' id='word_1_31' title='bbox 713 538 828 574; x_wconf 80' lang='lat' dir='ltr'>Presl.</span> <span class='ocrx_word' id='word_1_32' title='bbox 856 539 919 574; x_wconf 78' lang='lat' dir='ltr'>del.</span> <span class='ocrx_word' id='word_1_33' title='bbox 944 551 1045 587; x_wconf 69' lang='lat' dir='ltr'>pray.</span> <span class='ocrx_word' id='word_1_34' title='bbox 1074 537 1202 587; x_wconf 78' lang='lat'>(1822)</span> <span class='ocrx_word' id='word_1_35' title='bbox 1230 550 1264 585; x_wconf 87' lang='lat' dir='ltr'>p.</span> <span class='ocrx_word' id='word_1_36' title='bbox 1294 539 1350 573; x_wconf 81' lang='lat'>64.</span> <span class='ocrx_word' id='word_1_37' title='bbox 1404 538 1586 574; x_wconf 67' lang='lat' dir='ltr'>Arenaria</span> <span class='ocrx_word' id='word_1_38' title='bbox 1613 537 1724 574; x_wconf 79' lang='lat' dir='ltr'>Guss.</span> 
     </span>
     <span class='ocr_line' id='line_1_7' title="bbox 109 596 1722 647; baseline -0.001 -14"><span class='ocrx_word' id='word_1_39' title='bbox 109 598 228 647; x_wconf 74' lang='lat' dir='ltr'>prodr.</span> <span class='ocrx_word' id='word_1_40' title='bbox 258 599 306 646; x_wconf 82' lang='lat' dir='ltr'>fl.</span> <span class='ocrx_word' id='word_1_41' title='bbox 332 598 388 633; x_wconf 78' lang='lat' dir='ltr'>sic.</span> <span class='ocrx_word' id='word_1_42' title='bbox 415 597 447 643; x_wconf 91' lang='lat' dir='ltr'>I,</span> <span class='ocrx_word' id='word_1_43' title='bbox 478 598 561 632; x_wconf 82' lang='lat'>515.</span> <span class='ocrx_word' id='word_1_44' title='bbox 615 597 704 632; x_wconf 85' lang='lat' dir='ltr'>Ten.</span> <span class='ocrx_word' id='word_1_45' title='bbox 732 597 806 644; x_wconf 75' lang='lat' dir='ltr'>syll.</span> <span class='ocrx_word' id='word_1_46' title='bbox 822 597 870 645; x_wconf 81' lang='lat' dir='ltr'>fl.</span> <span class='ocrx_word' id='word_1_47' title='bbox 898 597 1012 645; x_wconf 76' lang='lat' dir='ltr'>Neap.</span> <span class='ocrx_word' id='word_1_48' title='bbox 1041 598 1124 632; x_wconf 81' lang='lat'>217.</span> <span class='ocrx_word' id='word_1_49' title='bbox 1184 596 1336 644; x_wconf 84' lang='lat' dir='ltr'>Spreng.</span> <span class='ocrx_word' id='word_1_50' title='bbox 1364 604 1442 645; x_wconf 58' lang='grc' dir='ltr'>εμπ.</span> <span class='ocrx_word' id='word_1_51' title='bbox 1468 610 1538 645; x_wconf 65' lang='lat' dir='ltr'>vey.</span> <span class='ocrx_word' id='word_1_52' title='bbox 1564 596 1608 643; x_wconf 81' lang='lat' dir='ltr'>H,</span> <span class='ocrx_word' id='word_1_53' title='bbox 1639 597 1722 632; x_wconf 80' lang='lat'>400.</span> 
     </span>
     <span class='ocr_line' id='line_1_8' title="bbox 109 655 1440 704; baseline -0.001 -12"><span class='ocrx_word' id='word_1_54' title='bbox 109 657 233 692; x_wconf 76' lang='lat' dir='ltr'>Alsine</span> <span class='ocrx_word' id='word_1_55' title='bbox 261 655 369 693; x_wconf 77' lang='lat' dir='ltr'>Gruss.</span> <span class='ocrx_word' id='word_1_56' title='bbox 400 656 448 704; x_wconf 83' lang='lat' dir='ltr'>fl.</span> <span class='ocrx_word' id='word_1_57' title='bbox 472 656 528 692; x_wconf 68' lang='grc' dir='ltr'>εἰσ.</span> <span class='ocrx_word' id='word_1_58' title='bbox 558 656 640 690; x_wconf 82' lang='lat'>502.</span> <span class='ocrx_word' id='word_1_59' title='bbox 694 655 917 703; x_wconf 62' lang='lat' dir='ltr'>Lepiyonzcvn</span> <span class='ocrx_word' id='word_1_60' title='bbox 943 656 1076 692; x_wconf 83' lang='lat' dir='ltr'>Kindb.</span> <span class='ocrx_word' id='word_1_61' title='bbox 1104 669 1180 704; x_wconf 76' lang='lat' dir='ltr'>syn.</span> <span class='ocrx_word' id='word_1_62' title='bbox 1207 656 1295 704; x_wconf 80' lang='lat' dir='ltr'>Lep.</span> <span class='ocrx_word' id='word_1_63' title='bbox 1319 669 1354 704; x_wconf 78' lang='lat' dir='ltr'>p.</span> <span class='ocrx_word' id='word_1_64' title='bbox 1385 657 1440 691; x_wconf 89' lang='grc'>10.</span> 
     </span>
    </p>
   </div>
   <div class='ocr_carea' id='block_1_4' title="bbox 109 731 1726 1018">
    <p class='ocr_par' dir='ltr' id='par_1_4' title="bbox 109 731 1726 1018">
     <span class='ocr_line' id='line_1_9' title="bbox 262 731 1726 774; baseline -0.001 -5"><span class='ocrx_word' id='word_1_65' title='bbox 262 732 355 769; x_wconf 89' lang='lat' dir='ltr'>Hab.</span> <span class='ocrx_word' id='word_1_66' title='bbox 383 733 420 768; x_wconf 91' lang='lat' dir='ltr'>in</span> <span class='ocrx_word' id='word_1_67' title='bbox 446 732 535 768; x_wconf 90' lang='lat' dir='ltr'>locis</span> <span class='ocrx_word' id='word_1_68' title='bbox 562 731 721 767; x_wconf 77' lang='lat' dir='ltr'>herbidis</span> <span class='ocrx_word' id='word_1_69' title='bbox 761 735 796 767; x_wconf 89' lang='lat' dir='ltr'>et</span> <span class='ocrx_word' id='word_1_70' title='bbox 827 732 989 768; x_wconf 79' lang='lat' dir='ltr'>arenosis</span> <span class='ocrx_word' id='word_1_71' title='bbox 1021 733 1181 774; x_wconf 78' lang='lat' dir='ltr'>Sueciae,</span> <span class='ocrx_word' id='word_1_72' title='bbox 1220 744 1254 768; x_wconf 86' lang='lat' dir='ltr'>v.</span> <span class='ocrx_word' id='word_1_73' title='bbox 1282 743 1311 768; x_wconf 88' lang='lat' dir='ltr'>c.</span> <span class='ocrx_word' id='word_1_74' title='bbox 1343 732 1379 767; x_wconf 85' lang='lat' dir='ltr'>in</span> <span class='ocrx_word' id='word_1_75' title='bbox 1410 732 1476 768; x_wconf 90' lang='lat' dir='ltr'>ins.</span> <span class='ocrx_word' id='word_1_76' title='bbox 1505 731 1726 769; x_wconf 80' lang='lat' dir='ltr'>Gothlandia</span> 
     </span>
     <span class='ocr_line' id='line_1_10' title="bbox 110 790 1723 836; baseline 0 -9"><span class='ocrx_word' id='word_1_77' title='bbox 110 791 157 828; x_wconf 87' lang='lat' dir='ltr'>ad</span> <span class='ocrx_word' id='word_1_78' title='bbox 175 791 299 828; x_wconf 86' lang='lat' dir='ltr'>Klinte</span> <span class='ocrx_word' id='word_1_79' title='bbox 326 792 395 836; x_wconf 77' lang='lat' dir='ltr'>(M.</span> <span class='ocrx_word' id='word_1_80' title='bbox 414 791 585 827; x_wconf 71' lang='lat' dir='ltr'>Floderus</span> <span class='ocrx_word' id='word_1_81' title='bbox 613 797 643 825; x_wconf 74' lang='lat' dir='ltr'>et</span> <span class='ocrx_word' id='word_1_82' title='bbox 670 791 697 825; x_wconf 85' lang='lat' dir='ltr'>b.</span> <span class='ocrx_word' id='word_1_83' title='bbox 736 790 788 826; x_wconf 89' lang='lat' dir='ltr'>W.</span> <span class='ocrx_word' id='word_1_84' title='bbox 808 791 1102 836; x_wconf 68' lang='lat' dir='ltr'>Steuhammar!)‚</span> <span class='ocrx_word' id='word_1_85' title='bbox 1131 790 1292 827; x_wconf 86' lang='lat' dir='ltr'>Bahusia</span> <span class='ocrx_word' id='word_1_86' title='bbox 1318 791 1355 826; x_wconf 90' lang='lat' dir='ltr'>in</span> <span class='ocrx_word' id='word_1_87' title='bbox 1380 791 1447 827; x_wconf 91' lang='lat' dir='ltr'>ins.</span> <span class='ocrx_word' id='word_1_88' title='bbox 1473 791 1582 827; x_wconf 78' lang='lat' dir='ltr'>Mollo</span> <span class='ocrx_word' id='word_1_89' title='bbox 1611 792 1723 836; x_wconf 70' lang='lat' dir='ltr'><em>(Lin-</em></span> 
     </span>
     <span class='ocr_line' id='line_1_11' title="bbox 110 849 1723 899; baseline -0.001 -12"><span class='ocrx_word' id='word_1_90' title='bbox 110 851 257 899; x_wconf 59' lang='lat' dir='ltr'>dabam),</span> <span class='ocrx_word' id='word_1_91' title='bbox 283 850 491 888; x_wconf 88' lang='lat' dir='ltr'>Smolandia</span> <span class='ocrx_word' id='word_1_92' title='bbox 518 849 564 885; x_wconf 88' lang='lat' dir='ltr'>ad</span> <span class='ocrx_word' id='word_1_93' title='bbox 591 849 795 885; x_wconf 71' lang='lat' dir='ltr'>Tindernas</span> <span class='ocrx_word' id='word_1_94' title='bbox 818 849 907 899; x_wconf 87' lang='lat' dir='ltr'>(W.</span> <span class='ocrx_word' id='word_1_95' title='bbox 921 850 1072 886; x_wconf 72' lang='lat' dir='ltr'>Jonsson</span> <span class='ocrx_word' id='word_1_96' title='bbox 1082 852 1125 897; x_wconf 71' lang='lat' dir='ltr'>J),</span> <span class='ocrx_word' id='word_1_97' title='bbox 1152 849 1349 886; x_wconf 90' lang='lat' dir='ltr'>Hallandia</span> <span class='ocrx_word' id='word_1_98' title='bbox 1376 849 1421 886; x_wconf 93' lang='lat' dir='ltr'>ad</span> <span class='ocrx_word' id='word_1_99' title='bbox 1447 849 1603 886; x_wconf 75' lang='lat' dir='ltr'>Hasslof</span> <span class='ocrx_word' id='word_1_100' title='bbox 1624 849 1723 899; x_wconf 80' lang='lat' dir='ltr'>(Os-</span> 
     </span>
     <span class='ocr_line' id='line_1_12' title="bbox 111 908 1725 960; baseline -0.001 -15"><span class='ocrx_word' id='word_1_101' title='bbox 111 911 187 945; x_wconf 70' lang='lat' dir='ltr'>beck</span> <span class='ocrx_word' id='word_1_102' title='bbox 220 910 257 945; x_wconf 75' lang='lat' dir='ltr'>z&#39;n</span> <span class='ocrx_word' id='word_1_103' title='bbox 284 911 335 945; x_wconf 72' lang='lat' dir='ltr'>hb.</span> <span class='ocrx_word' id='word_1_104' title='bbox 362 909 530 959; x_wconf 53' lang='lat' dir='ltr'>Holon),</span> <span class='ocrx_word' id='word_1_105' title='bbox 572 908 768 956; x_wconf 70' lang='lat' dir='ltr'>Norveyz&#39;ae</span> <span class='ocrx_word' id='word_1_106' title='bbox 806 908 1002 960; x_wconf 50' lang='lat' dir='ltr'>(Elymi),</span> <span class='ocrx_word' id='word_1_107' title='bbox 1040 909 1148 945; x_wconf 87' lang='lat' dir='ltr'>etiam</span> <span class='ocrx_word' id='word_1_108' title='bbox 1182 909 1323 945; x_wconf 79' lang='lat' dir='ltr'>Siciliae</span> <span class='ocrx_word' id='word_1_109' title='bbox 1349 909 1396 945; x_wconf 91' lang='lat' dir='ltr'>ad</span> <span class='ocrx_word' id='word_1_110' title='bbox 1421 909 1590 945; x_wconf 88' lang='lat' dir='ltr'>Madonie</span> <span class='ocrx_word' id='word_1_111' title='bbox 1618 913 1652 944; x_wconf 86' lang='lat' dir='ltr'>et</span> <span class='ocrx_word' id='word_1_112' title='bbox 1678 909 1725 944; x_wconf 86' lang='lat' dir='ltr'>ad</span> 
     </span>
     <span class='ocr_line' id='line_1_13' title="bbox 109 968 716 1018; baseline -0.003 -13"><span class='ocrx_word' id='word_1_113' title='bbox 109 969 259 1005; x_wconf 83' lang='lat' dir='ltr'>AEtnam</span> <span class='ocrx_word' id='word_1_114' title='bbox 292 969 416 1018; x_wconf 74' lang='lat' dir='ltr'>(Guss.</span> <span class='ocrx_word' id='word_1_115' title='bbox 443 969 482 1004; x_wconf 76' lang='lat' dir='ltr'>in</span> <span class='ocrx_word' id='word_1_116' title='bbox 508 969 560 1004; x_wconf 81' lang='lat' dir='ltr'>hb.</span> <span class='ocrx_word' id='word_1_117' title='bbox 588 968 716 1013; x_wconf 50' lang='lat' dir='ltr'>Fides).</span> 
     </span>
    </p>
   </div>
   <div class='ocr_carea' id='block_1_5' title="bbox 158 1044 1722 1152">
    <p class='ocr_par' dir='ltr' id='par_1_5' title="bbox 158 1044 1722 1152">
     <span class='ocr_line' id='line_1_14' title="bbox 158 1044 1722 1094; baseline 0 -13"><span class='ocrx_word' id='word_1_118' title='bbox 158 1061 185 1092; x_wconf 75' lang='grc' dir='ltr'><em>γ</em></span> <span class='ocrx_word' id='word_1_119' title='bbox 219 1058 421 1094; x_wconf 71' lang='lat' dir='ltr'>perennans</span> <span class='ocrx_word' id='word_1_120' title='bbox 448 1044 582 1080; x_wconf 84' lang='lat' dir='ltr'>Kindb.</span> <span class='ocrx_word' id='word_1_121' title='bbox 610 1045 650 1080; x_wconf 72' lang='lat' dir='ltr'>in</span> <span class='ocrx_word' id='word_1_122' title='bbox 678 1045 756 1080; x_wconf 74' lang='lat' dir='ltr'>Bot.</span> <span class='ocrx_word' id='word_1_123' title='bbox 779 1044 864 1080; x_wconf 72' lang='lat' dir='ltr'>Not.</span> <span class='ocrx_word' id='word_1_124' title='bbox 886 1047 981 1081; x_wconf 82' lang='lat'>1858</span> <span class='ocrx_word' id='word_1_125' title='bbox 1007 1068 1059 1073; x_wconf 84' lang='lat'><strong>—</strong></span> <span class='ocrx_word' id='word_1_126' title='bbox 1084 1045 1196 1081; x_wconf 88' lang='lat' dir='ltr'>herba</span> <span class='ocrx_word' id='word_1_127' title='bbox 1222 1046 1358 1092; x_wconf 88' lang='lat' dir='ltr'>maj0re</span> <span class='ocrx_word' id='word_1_128' title='bbox 1385 1044 1560 1081; x_wconf 84' lang='lat' dir='ltr'>interdum</span> <span class='ocrx_word' id='word_1_129' title='bbox 1587 1045 1722 1093; x_wconf 86' lang='lat' dir='ltr'>pedali,</span> 
     </span>
     <span class='ocr_line' id='line_1_15' title="bbox 221 1104 1721 1152; baseline 0 -12"><span class='ocrx_word' id='word_1_130' title='bbox 221 1104 362 1151; x_wconf 87' lang='lat' dir='ltr'>stipulis</span> <span class='ocrx_word' id='word_1_131' title='bbox 382 1104 767 1151; x_wconf 82' lang='lat' dir='ltr'>oblongo-lanceolatis</span> <span class='ocrx_word' id='word_1_132' title='bbox 788 1115 913 1152; x_wconf 87' lang='lat' dir='ltr'>parum</span> <span class='ocrx_word' id='word_1_133' title='bbox 931 1104 1053 1140; x_wconf 87' lang='lat' dir='ltr'>nitidis</span> <span class='ocrx_word' id='word_1_134' title='bbox 1072 1105 1147 1140; x_wconf 84' lang='lat' dir='ltr'>fere</span> <span class='ocrx_word' id='word_1_135' title='bbox 1165 1104 1326 1151; x_wconf 81' lang='lat' dir='ltr'>integris,</span> <span class='ocrx_word' id='word_1_136' title='bbox 1349 1104 1475 1140; x_wconf 78' lang='lat' dir='ltr'>radice</span> <span class='ocrx_word' id='word_1_137' title='bbox 1493 1108 1721 1152; x_wconf 87' lang='lat' dir='ltr'>perennante.</span> 
     </span>
    </p>
   </div>
   <div class='ocr_carea' id='block_1_6' title="bbox 259 1182 1295 1232">
    <p class='ocr_par' dir='ltr' id='par_1_6' title="bbox 259 1182 1295 1232">
     <span class='ocr_line' id='line_1_16' title="bbox 259 1182 1295 1232; baseline 0.002 -14"><span class='ocrx_word' id='word_1_138' title='bbox 259 1183 482 1231; x_wconf 70' lang='lat' dir='ltr'>Lepiyommz</span> <span class='ocrx_word' id='word_1_139' title='bbox 509 1183 713 1232; x_wconf 66' lang='lat' dir='ltr'>Zaoezflorum</span> <span class='ocrx_word' id='word_1_140' title='bbox 740 1182 874 1219; x_wconf 84' lang='lat' dir='ltr'>Kindb.</span> <span class='ocrx_word' id='word_1_141' title='bbox 904 1185 943 1219; x_wconf 77' lang='lat' dir='ltr'>in</span> <span class='ocrx_word' id='word_1_142' title='bbox 970 1185 1048 1220; x_wconf 63' lang='lat' dir='ltr'>Boe.</span> <span class='ocrx_word' id='word_1_143' title='bbox 1075 1183 1160 1220; x_wconf 72' lang='lat' dir='ltr'>Not.</span> <span class='ocrx_word' id='word_1_144' title='bbox 1189 1186 1295 1220; x_wconf 81' lang='lat'>1857.</span> 
     </span>
    </p>
   </div>
   <div class='ocr_carea' id='block_1_7' title="bbox 108 1258 1724 1427">
    <p class='ocr_par' dir='ltr' id='par_1_7' title="bbox 108 1258 1724 1427">
     <span class='ocr_line' id='line_1_17' title="bbox 258 1258 1724 1307; baseline 0.001 -13"><span class='ocrx_word' id='word_1_145' title='bbox 258 1258 353 1295; x_wconf 87' lang='lat' dir='ltr'>Hab.</span> <span class='ocrx_word' id='word_1_146' title='bbox 380 1259 418 1294; x_wconf 90' lang='lat' dir='ltr'>in</span> <span class='ocrx_word' id='word_1_147' title='bbox 442 1259 534 1295; x_wconf 90' lang='lat' dir='ltr'>locis</span> <span class='ocrx_word' id='word_1_148' title='bbox 560 1258 816 1295; x_wconf 81' lang='lat' dir='ltr'>humidioribus</span> <span class='ocrx_word' id='word_1_149' title='bbox 850 1262 885 1294; x_wconf 90' lang='lat' dir='ltr'>et</span> <span class='ocrx_word' id='word_1_150' title='bbox 917 1259 1100 1306; x_wconf 79' lang='lat' dir='ltr'>argillosis</span> <span class='ocrx_word' id='word_1_151' title='bbox 1131 1260 1286 1307; x_wconf 88' lang='lat' dir='ltr'>passim:</span> <span class='ocrx_word' id='word_1_152' title='bbox 1327 1259 1499 1295; x_wconf 85' lang='lat' dir='ltr'>hactenus</span> <span class='ocrx_word' id='word_1_153' title='bbox 1532 1259 1569 1295; x_wconf 93' lang='lat' dir='ltr'>in</span> <span class='ocrx_word' id='word_1_154' title='bbox 1601 1260 1724 1295; x_wconf 76' lang='lat' dir='ltr'>Suecz&#39;a</span> 
     </span>
     <span class='ocr_line' id='line_1_18' title="bbox 108 1316 1723 1369; baseline -0.001 -15"><span class='ocrx_word' id='word_1_155' title='bbox 108 1322 243 1354; x_wconf 87' lang='lat' dir='ltr'>tantum</span> <span class='ocrx_word' id='word_1_156' title='bbox 271 1319 499 1355; x_wconf 80' lang='lat' dir='ltr'>observatum</span> <span class='ocrx_word' id='word_1_157' title='bbox 535 1330 567 1353; x_wconf 90' lang='lat' dir='ltr'>V.</span> <span class='ocrx_word' id='word_1_158' title='bbox 597 1329 626 1354; x_wconf 90' lang='lat' dir='ltr'>c.</span> <span class='ocrx_word' id='word_1_159' title='bbox 654 1317 701 1353; x_wconf 90' lang='lat' dir='ltr'>ad</span> <span class='ocrx_word' id='word_1_160' title='bbox 728 1316 995 1354; x_wconf 82' lang='lat' dir='ltr'>Oarolstadium</span> <span class='ocrx_word' id='word_1_161' title='bbox 1033 1318 1178 1369; x_wconf 62' lang='lat' dir='ltr'>(ipse&#39;)</span> <span class='ocrx_word' id='word_1_162' title='bbox 1212 1318 1260 1354; x_wconf 87' lang='lat' dir='ltr'>ad</span> <span class='ocrx_word' id='word_1_163' title='bbox 1287 1317 1510 1355; x_wconf 85' lang='lat' dir='ltr'>Carlskrona</span> <span class='ocrx_word' id='word_1_164' title='bbox 1549 1317 1723 1368; x_wconf 72' lang='lat' dir='ltr'>(Ankar-</span> 
     </span>
     <span class='ocr_line' id='line_1_19' title="bbox 108 1376 1478 1427; baseline -0.001 -14"><span class='ocrx_word' id='word_1_165' title='bbox 108 1377 273 1426; x_wconf 77' lang='lat' dir='ltr'>crona!)‚</span> <span class='ocrx_word' id='word_1_166' title='bbox 314 1377 361 1413; x_wconf 89' lang='lat' dir='ltr'>ad</span> <span class='ocrx_word' id='word_1_167' title='bbox 388 1377 578 1414; x_wconf 79' lang='lat' dir='ltr'>Gevaliam</span> <span class='ocrx_word' id='word_1_168' title='bbox 606 1376 674 1427; x_wconf 80' lang='lat' dir='ltr'>(C.</span> <span class='ocrx_word' id='word_1_169' title='bbox 701 1377 937 1424; x_wconf 61' lang='lat' dir='ltr'>Hartmany,</span> <span class='ocrx_word' id='word_1_170' title='bbox 964 1377 1001 1413; x_wconf 92' lang='lat' dir='ltr'>in</span> <span class='ocrx_word' id='word_1_171' title='bbox 1024 1377 1185 1414; x_wconf 85' lang='lat' dir='ltr'>Bahusia</span> <span class='ocrx_word' id='word_1_172' title='bbox 1211 1378 1478 1425; x_wconf 61' lang='lat' dir='ltr'>(Lindeberffl).</span> 
     </span>
    </p>
   </div>
   <div class='ocr_carea' id='block_1_8' title="bbox 159 1448 1725 1561">
    <p class='ocr_par' dir='ltr' id='par_1_8' title="bbox 159 1448 1725 1561">
     <span class='ocr_line' id='line_1_20' title="bbox 159 1448 1725 1501; baseline 0 -12"><span class='ocrx_word' id='word_1_173' title='bbox 159 1448 182 1490; x_wconf 61' lang='grc' dir='ltr'><em>ὃ</em></span> <span class='ocrx_word' id='word_1_174' title='bbox 220 1455 402 1490; x_wconf 56' lang='lat' dir='ltr'>marinum</span> <span class='ocrx_word' id='word_1_175' title='bbox 436 1454 569 1490; x_wconf 84' lang='lat' dir='ltr'>Kindb.</span> <span class='ocrx_word' id='word_1_176' title='bbox 598 1477 648 1481; x_wconf 81' lang='lat'>—</span> <span class='ocrx_word' id='word_1_177' title='bbox 688 1454 835 1501; x_wconf 80' lang='lat' dir='ltr'>Stipulis</span> <span class='ocrx_word' id='word_1_178' title='bbox 861 1454 1086 1491; x_wconf 81' lang='lat' dir='ltr'>brevioribus</span> <span class='ocrx_word' id='word_1_179' title='bbox 1114 1453 1517 1501; x_wconf 81' lang='lat' dir='ltr'>oblongo-lanceolatis,</span> <span class='ocrx_word' id='word_1_180' title='bbox 1558 1453 1725 1501; x_wconf 83' lang='lat' dir='ltr'>panicula</span> 
     </span>
     <span class='ocr_line' id='line_1_21' title="bbox 221 1513 480 1561; baseline -0.004 -12"><span class='ocrx_word' id='word_1_181' title='bbox 221 1514 297 1549; x_wconf 84' lang='lat' dir='ltr'>fere</span> <span class='ocrx_word' id='word_1_182' title='bbox 325 1513 480 1561; x_wconf 86' lang='lat' dir='ltr'>aphylla.</span> 
     </span>
    </p>
   </div>
   <div class='ocr_carea' id='block_1_9' title="bbox 105 1589 1725 2419">
    <p class='ocr_par' dir='ltr' id='par_1_9' title="bbox 107 1589 1723 1700">
     <span class='ocr_line' id='line_1_22' title="bbox 257 1589 1723 1634; baseline 0 -8"><span class='ocrx_word' id='word_1_183' title='bbox 257 1590 351 1626; x_wconf 91' lang='lat' dir='ltr'>Hab.</span> <span class='ocrx_word' id='word_1_184' title='bbox 381 1590 417 1626; x_wconf 91' lang='lat' dir='ltr'>in</span> <span class='ocrx_word' id='word_1_185' title='bbox 450 1590 590 1625; x_wconf 74' lang='lat' dir='ltr'>Grcecz&#39;a</span> <span class='ocrx_word' id='word_1_186' title='bbox 617 1589 664 1625; x_wconf 91' lang='lat' dir='ltr'>ad</span> <span class='ocrx_word' id='word_1_187' title='bbox 694 1589 857 1626; x_wconf 79' lang='lat' dir='ltr'>Athenas</span> <span class='ocrx_word' id='word_1_188' title='bbox 899 1593 935 1625; x_wconf 89' lang='lat' dir='ltr'>et</span> <span class='ocrx_word' id='word_1_189' title='bbox 969 1589 1154 1626; x_wconf 82' lang='lat' dir='ltr'>Salamina</span> <span class='ocrx_word' id='word_1_190' title='bbox 1196 1590 1340 1634; x_wconf 78' lang='lat' dir='ltr'>(Heldr.</span> <span class='ocrx_word' id='word_1_191' title='bbox 1367 1591 1406 1626; x_wconf 77' lang='lat' dir='ltr'>in</span> <span class='ocrx_word' id='word_1_192' title='bbox 1432 1591 1484 1626; x_wconf 75' lang='lat' dir='ltr'>hb.</span> <span class='ocrx_word' id='word_1_193' title='bbox 1512 1590 1647 1632; x_wconf 74' lang='lat' dir='ltr'>Fries)‚</span> <span class='ocrx_word' id='word_1_194' title='bbox 1687 1590 1723 1626; x_wconf 94' lang='lat' dir='ltr'>in</span> 
     </span>
     <span class='ocr_line' id='line_1_23' title="bbox 107 1648 1160 1700; baseline -0.002 -14"><span class='ocrx_word' id='word_1_195' title='bbox 107 1650 234 1699; x_wconf 76' lang='lat' dir='ltr'>Africa</span> <span class='ocrx_word' id='word_1_196' title='bbox 261 1649 308 1685; x_wconf 87' lang='lat' dir='ltr'>ad</span> <span class='ocrx_word' id='word_1_197' title='bbox 330 1649 587 1685; x_wconf 76' lang='lat' dir='ltr'>Alexandriam</span> <span class='ocrx_word' id='word_1_198' title='bbox 613 1648 854 1700; x_wconf 68' lang='lat' dir='ltr'>(Hedenbooy</span> <span class='ocrx_word' id='word_1_199' title='bbox 880 1649 919 1684; x_wconf 77' lang='lat' dir='ltr'>in</span> <span class='ocrx_word' id='word_1_200' title='bbox 945 1650 995 1685; x_wconf 76' lang='lat' dir='ltr'>hb.</span> <span class='ocrx_word' id='word_1_201' title='bbox 1023 1648 1160 1699; x_wconf 76' lang='lat' dir='ltr'>Fries).</span> 
     </span>
    </p>

    <p class='ocr_par' dir='ltr' id='par_1_10' title="bbox 105 1719 1725 2419">
     <span class='ocr_line' id='line_1_24' title="bbox 258 1719 1725 1768; baseline -0.001 -12"><span class='ocrx_word' id='word_1_202' title='bbox 258 1720 377 1757; x_wconf 68' lang='lat' dir='ltr'>Radix</span> <span class='ocrx_word' id='word_1_203' title='bbox 402 1722 477 1757; x_wconf 82' lang='lat' dir='ltr'>fere</span> <span class='ocrx_word' id='word_1_204' title='bbox 505 1722 657 1768; x_wconf 80' lang='lat' dir='ltr'>simplex</span> <span class='ocrx_word' id='word_1_205' title='bbox 688 1733 822 1767; x_wconf 87' lang='lat' dir='ltr'>annua,</span> <span class='ocrx_word' id='word_1_206' title='bbox 865 1721 1041 1757; x_wconf 88' lang='lat' dir='ltr'>interdum</span> <span class='ocrx_word' id='word_1_207' title='bbox 1074 1733 1293 1768; x_wconf 84' lang='lat' dir='ltr'>perennans,</span> <span class='ocrx_word' id='word_1_208' title='bbox 1334 1721 1449 1757; x_wconf 89' lang='lat' dir='ltr'>rarius</span> <span class='ocrx_word' id='word_1_209' title='bbox 1484 1719 1725 1756; x_wconf 85' lang='lat' dir='ltr'>crassiuscula</span> 
     </span>
     <span class='ocr_line' id='line_1_25' title="bbox 108 1778 1724 1830; baseline -0.002 -13"><span class='ocrx_word' id='word_1_210' title='bbox 108 1786 143 1817; x_wconf 81' lang='lat' dir='ltr'>et</span> <span class='ocrx_word' id='word_1_211' title='bbox 169 1785 222 1824; x_wconf 84' lang='lat' dir='ltr'>(ut</span> <span class='ocrx_word' id='word_1_212' title='bbox 250 1784 414 1816; x_wconf 88' lang='lat' dir='ltr'>auctores</span> <span class='ocrx_word' id='word_1_213' title='bbox 443 1780 586 1827; x_wconf 87' lang='lat' dir='ltr'>quidam</span> <span class='ocrx_word' id='word_1_214' title='bbox 613 1780 846 1827; x_wconf 88' lang='lat' dir='ltr'>contendunt)</span> <span class='ocrx_word' id='word_1_215' title='bbox 887 1781 1055 1827; x_wconf 89' lang='lat' dir='ltr'>perennis</span> <span class='ocrx_word' id='word_1_216' title='bbox 1085 1780 1157 1830; x_wconf 68' lang='lat'>(5³).</span> <span class='ocrx_word' id='word_1_217' title='bbox 1212 1780 1346 1817; x_wconf 85' lang='lat' dir='ltr'>Caules</span> <span class='ocrx_word' id='word_1_218' title='bbox 1374 1779 1544 1826; x_wconf 80' lang='lat' dir='ltr'>digitales</span> <span class='ocrx_word' id='word_1_219' title='bbox 1571 1791 1602 1814; x_wconf 84' lang='lat' dir='ltr'>v.</span> <span class='ocrx_word' id='word_1_220' title='bbox 1631 1778 1724 1814; x_wconf 89' lang='lat' dir='ltr'>ultra</span> 
     </span>
     <span class='ocr_line' id='line_1_26' title="bbox 105 1839 1722 1888; baseline -0.002 -12"><span class='ocrx_word' id='word_1_221' title='bbox 105 1841 181 1876; x_wconf 85' lang='lat' dir='ltr'>fere</span> <span class='ocrx_word' id='word_1_222' title='bbox 198 1840 377 1888; x_wconf 84' lang='lat' dir='ltr'>prostrati,</span> <span class='ocrx_word' id='word_1_223' title='bbox 402 1843 545 1886; x_wconf 83' lang='lat' dir='ltr'>teretes,</span> <span class='ocrx_word' id='word_1_224' title='bbox 574 1850 727 1887; x_wconf 89' lang='lat' dir='ltr'>superne</span> <span class='ocrx_word' id='word_1_225' title='bbox 752 1839 930 1875; x_wconf 85' lang='lat' dir='ltr'>interdum</span> <span class='ocrx_word' id='word_1_226' title='bbox 958 1840 1163 1887; x_wconf 83' lang='lat' dir='ltr'>compressi,</span> <span class='ocrx_word' id='word_1_227' title='bbox 1191 1840 1329 1875; x_wconf 87' lang='lat' dir='ltr'>inferne</span> <span class='ocrx_word' id='word_1_228' title='bbox 1356 1839 1637 1886; x_wconf 80' lang='lat' dir='ltr'>glabrescentes,</span> <span class='ocrx_word' id='word_1_229' title='bbox 1666 1848 1722 1873; x_wconf 90' lang='lat' dir='ltr'>su-</span> 
     </span>
     <span class='ocr_line' id='line_1_27' title="bbox 106 1896 1723 1946; baseline -0.002 -12"><span class='ocrx_word' id='word_1_230' title='bbox 106 1910 216 1946; x_wconf 89' lang='lat' dir='ltr'>perne</span> <span class='ocrx_word' id='word_1_231' title='bbox 243 1899 318 1934; x_wconf 88' lang='lat' dir='ltr'>fere</span> <span class='ocrx_word' id='word_1_232' title='bbox 344 1899 584 1946; x_wconf 88' lang='lat' dir='ltr'>pubescentes</span> <span class='ocrx_word' id='word_1_233' title='bbox 623 1911 655 1934; x_wconf 90' lang='lat' dir='ltr'>v.</span> <span class='ocrx_word' id='word_1_234' title='bbox 689 1898 1170 1945; x_wconf 81' lang='lat' dir='ltr'>glanduloso-pubescentes.</span> <span class='ocrx_word' id='word_1_235' title='bbox 1236 1898 1343 1934; x_wconf 86' lang='lat' dir='ltr'>Folia</span> <span class='ocrx_word' id='word_1_236' title='bbox 1375 1897 1602 1944; x_wconf 83' lang='lat' dir='ltr'>complanata</span> <span class='ocrx_word' id='word_1_237' title='bbox 1642 1896 1723 1932; x_wconf 86' lang='lat' dir='ltr'>sub-</span> 
     </span>
     <span class='ocr_line' id='line_1_28' title="bbox 105 1955 1723 2004; baseline -0.002 -10"><span class='ocrx_word' id='word_1_238' title='bbox 105 1957 435 2003; x_wconf 87' lang='lat' dir='ltr'>lineari-ffliformia,</span> <span class='ocrx_word' id='word_1_239' title='bbox 455 1958 854 2003; x_wconf 72' lang='lat' dir='ltr'>subulam-mucronata,</span> <span class='ocrx_word' id='word_1_240' title='bbox 875 1958 1145 2004; x_wconf 82' lang='lat' dir='ltr'>glaucescentia</span> <span class='ocrx_word' id='word_1_241' title='bbox 1162 1958 1237 1994; x_wconf 84' lang='lat' dir='ltr'>fere</span> <span class='ocrx_word' id='word_1_242' title='bbox 1256 1958 1394 2004; x_wconf 80' lang='lat' dir='ltr'>glabra,</span> <span class='ocrx_word' id='word_1_243' title='bbox 1414 1955 1624 1992; x_wconf 88' lang='lat' dir='ltr'>internodiis</span> <span class='ocrx_word' id='word_1_244' title='bbox 1642 1955 1723 1991; x_wconf 91' lang='lat' dir='ltr'>sub-</span> 
     </span>
     <span class='ocr_line' id='line_1_29' title="bbox 109 2014 1724 2064; baseline -0.002 -12"><span class='ocrx_word' id='word_1_245' title='bbox 109 2016 269 2063; x_wconf 87' lang='lat' dir='ltr'>aequalia.</span> <span class='ocrx_word' id='word_1_246' title='bbox 323 2016 473 2064; x_wconf 83' lang='lat' dir='ltr'>Stipulae</span> <span class='ocrx_word' id='word_1_247' title='bbox 504 2017 626 2063; x_wconf 74' lang='lat' dir='ltr'>longae</span> <span class='ocrx_word' id='word_1_248' title='bbox 651 2016 864 2053; x_wconf 85' lang='lat' dir='ltr'>lanceolatae</span> <span class='ocrx_word' id='word_1_249' title='bbox 897 2017 1332 2062; x_wconf 73' lang='lat' dir='ltr'>attenuato-acuminatas,</span> <span class='ocrx_word' id='word_1_250' title='bbox 1366 2015 1567 2063; x_wconf 76' lang='lat' dir='ltr'>saepissime</span> <span class='ocrx_word' id='word_1_251' title='bbox 1593 2014 1724 2050; x_wconf 71' lang='lat' dir='ltr'>lacerae</span> 
     </span>
     <span class='ocr_line' id='line_1_30' title="bbox 106 2071 1721 2122; baseline -0.003 -11"><span class='ocrx_word' id='word_1_252' title='bbox 106 2088 138 2111; x_wconf 85' lang='lat' dir='ltr'>v.</span> <span class='ocrx_word' id='word_1_253' title='bbox 166 2076 309 2122; x_wconf 77' lang='lat' dir='ltr'>partitae</span> <span class='ocrx_word' id='word_1_254' title='bbox 344 2076 419 2111; x_wconf 85' lang='lat' dir='ltr'>fere</span> <span class='ocrx_word' id='word_1_255' title='bbox 445 2075 578 2111; x_wconf 77' lang='lat' dir='ltr'>nitidae.</span> <span class='ocrx_word' id='word_1_256' title='bbox 631 2075 831 2111; x_wconf 90' lang='lat' dir='ltr'>Pedunculi</span> <span class='ocrx_word' id='word_1_257' title='bbox 856 2076 1004 2112; x_wconf 85' lang='lat' dir='ltr'>floriferi</span> <span class='ocrx_word' id='word_1_258' title='bbox 1029 2076 1125 2113; x_wconf 86' lang='lat' dir='ltr'>foliis</span> <span class='ocrx_word' id='word_1_259' title='bbox 1151 2076 1244 2122; x_wconf 83' lang='lat' dir='ltr'>fulti,</span> <span class='ocrx_word' id='word_1_260' title='bbox 1274 2075 1402 2112; x_wconf 91' lang='lat' dir='ltr'>summi</span> <span class='ocrx_word' id='word_1_261' title='bbox 1427 2074 1542 2110; x_wconf 86' lang='lat' dir='ltr'>rarius</span> <span class='ocrx_word' id='word_1_262' title='bbox 1570 2071 1721 2120; x_wconf 83' lang='lat' dir='ltr'>aphylli,</span> 
     </span>
     <span class='ocr_line' id='line_1_31' title="bbox 108 2131 1722 2183; baseline -0.002 -14"><span class='ocrx_word' id='word_1_263' title='bbox 108 2145 232 2170; x_wconf 90' lang='lat' dir='ltr'>omnes</span> <span class='ocrx_word' id='word_1_264' title='bbox 259 2135 408 2181; x_wconf 88' lang='lat' dir='ltr'>capsula</span> <span class='ocrx_word' id='word_1_265' title='bbox 435 2135 542 2182; x_wconf 82' lang='lat' dir='ltr'>duplo</span> <span class='ocrx_word' id='word_1_266' title='bbox 570 2147 602 2170; x_wconf 83' lang='lat' dir='ltr'>v.</span> <span class='ocrx_word' id='word_1_267' title='bbox 624 2134 730 2182; x_wconf 88' lang='lat' dir='ltr'>triplo</span> <span class='ocrx_word' id='word_1_268' title='bbox 757 2134 950 2182; x_wconf 83' lang='lat' dir='ltr'>longiores.</span> <span class='ocrx_word' id='word_1_269' title='bbox 1004 2135 1138 2183; x_wconf 88' lang='lat' dir='ltr'>Sepala</span> <span class='ocrx_word' id='word_1_270' title='bbox 1165 2136 1322 2181; x_wconf 80' lang='lat' dir='ltr'>oblonga</span> <span class='ocrx_word' id='word_1_271' title='bbox 1349 2131 1602 2176; x_wconf 78' lang='lat' dir='ltr'>obtusiuscula,</span> <span class='ocrx_word' id='word_1_272' title='bbox 1630 2142 1722 2166; x_wconf 87' lang='lat' dir='ltr'>mar-</span> 
     </span>
     <span class='ocr_line' id='line_1_32' title="bbox 108 2189 1719 2240; baseline -0.003 -11"><span class='ocrx_word' id='word_1_273' title='bbox 108 2193 193 2240; x_wconf 80' lang='lat' dir='ltr'>gine</span> <span class='ocrx_word' id='word_1_274' title='bbox 220 2204 318 2240; x_wconf 72' lang='lat' dir='ltr'>saepe</span> <span class='ocrx_word' id='word_1_275' title='bbox 344 2194 416 2229; x_wconf 89' lang='lat' dir='ltr'>late</span> <span class='ocrx_word' id='word_1_276' title='bbox 445 2194 616 2229; x_wconf 85' lang='lat' dir='ltr'>scariosa.</span> <span class='ocrx_word' id='word_1_277' title='bbox 669 2193 800 2229; x_wconf 88' lang='lat' dir='ltr'>Petala</span> <span class='ocrx_word' id='word_1_278' title='bbox 838 2194 1015 2230; x_wconf 87' lang='lat' dir='ltr'>subovata</span> <span class='ocrx_word' id='word_1_279' title='bbox 1042 2195 1179 2240; x_wconf 86' lang='lat' dir='ltr'>obtusa,</span> <span class='ocrx_word' id='word_1_280' title='bbox 1222 2194 1383 2240; x_wconf 83' lang='lat' dir='ltr'>calycem</span> <span class='ocrx_word' id='word_1_281' title='bbox 1417 2192 1492 2227; x_wconf 86' lang='lat' dir='ltr'>fere</span> <span class='ocrx_word' id='word_1_282' title='bbox 1532 2189 1719 2236; x_wconf 75' lang='lat' dir='ltr'>aequantia,</span> 
     </span>
     <span class='ocr_line' id='line_1_33' title="bbox 106 2248 1721 2300; baseline -0.004 -11"><span class='ocrx_word' id='word_1_283' title='bbox 106 2253 215 2289; x_wconf 87' lang='lat' dir='ltr'>rubra</span> <span class='ocrx_word' id='word_1_284' title='bbox 240 2264 272 2288; x_wconf 85' lang='lat' dir='ltr'>v.</span> <span class='ocrx_word' id='word_1_285' title='bbox 290 2252 445 2288; x_wconf 85' lang='lat' dir='ltr'>lilacina.</span> <span class='ocrx_word' id='word_1_286' title='bbox 487 2251 648 2300; x_wconf 84' lang='lat' dir='ltr'>Oapsula</span> <span class='ocrx_word' id='word_1_287' title='bbox 675 2253 837 2300; x_wconf 86' lang='lat' dir='ltr'>calycem</span> <span class='ocrx_word' id='word_1_288' title='bbox 860 2264 1018 2300; x_wconf 72' lang='lat' dir='ltr'>aequans,</span> <span class='ocrx_word' id='word_1_289' title='bbox 1046 2257 1153 2289; x_wconf 85' lang='lat' dir='ltr'>ovata</span> <span class='ocrx_word' id='word_1_290' title='bbox 1179 2250 1431 2288; x_wconf 83' lang='lat' dir='ltr'>obtusiuscula.</span> <span class='ocrx_word' id='word_1_291' title='bbox 1485 2249 1629 2286; x_wconf 84' lang='lat' dir='ltr'>Semina</span> <span class='ocrx_word' id='word_1_292' title='bbox 1648 2248 1721 2284; x_wconf 80' lang='lat' dir='ltr'>exi-</span> 
     </span>
     <span class='ocr_line' id='line_1_34' title="bbox 107 2307 1720 2359; baseline -0.003 -11"><span class='ocrx_word' id='word_1_293' title='bbox 107 2323 181 2359; x_wconf 84' lang='lat' dir='ltr'>gua</span> <span class='ocrx_word' id='word_1_294' title='bbox 207 2311 520 2358; x_wconf 77' lang='lat' dir='ltr'>griseo-biunnea,</span> <span class='ocrx_word' id='word_1_295' title='bbox 548 2312 783 2358; x_wconf 86' lang='lat' dir='ltr'>tuberculata,</span> <span class='ocrx_word' id='word_1_296' title='bbox 811 2312 1157 2359; x_wconf 86' lang='lat' dir='ltr'>triquetro-obovata</span> <span class='ocrx_word' id='word_1_297' title='bbox 1184 2310 1336 2356; x_wconf 80' lang='lat' dir='ltr'>exalata,</span> <span class='ocrx_word' id='word_1_298' title='bbox 1364 2308 1529 2355; x_wconf 81' lang='lat' dir='ltr'>margine</span> <span class='ocrx_word' id='word_1_299' title='bbox 1555 2307 1720 2344; x_wconf 87' lang='lat' dir='ltr'>tumidiu-</span> 
     </span>
     <span class='ocr_line' id='line_1_35' title="bbox 107 2369 953 2419; baseline -0.002 -11"><span class='ocrx_word' id='word_1_300' title='bbox 107 2371 207 2408; x_wconf 88' lang='lat' dir='ltr'>sculo</span> <span class='ocrx_word' id='word_1_301' title='bbox 236 2370 375 2406; x_wconf 83' lang='lat' dir='ltr'>elevato</span> <span class='ocrx_word' id='word_1_302' title='bbox 403 2369 556 2416; x_wconf 78' lang='lat' dir='ltr'>praedita</span> <span class='ocrx_word' id='word_1_303' title='bbox 583 2372 627 2417; x_wconf 83' lang='lat' dir='ltr'>(v.</span> <span class='ocrx_word' id='word_1_304' title='bbox 654 2384 684 2406; x_wconf 83' lang='lat' dir='ltr'>v.</span> <span class='ocrx_word' id='word_1_305' title='bbox 711 2384 762 2419; x_wconf 79' lang='lat' dir='ltr'>sp.</span> <span class='ocrx_word' id='word_1_306' title='bbox 790 2377 821 2406; x_wconf 76' lang='lat' dir='ltr'>et</span> <span class='ocrx_word' id='word_1_307' title='bbox 848 2372 953 2418; x_wconf 54' lang='lat' dir='ltr'>culn).</span> 
     </span>
    </p>
   </div>
   <div class='ocr_carea' id='block_1_10' title="bbox 111 2435 1722 2546">
    <p class='ocr_par' dir='ltr' id='par_1_11' title="bbox 111 2435 1722 2546">
     <span class='ocr_line' id='line_1_36' title="bbox 258 2435 1722 2486; baseline -0.002 -12"><span class='ocrx_word' id='word_1_308' title='bbox 258 2437 317 2474; x_wconf 87' lang='lat' dir='ltr'>De</span> <span class='ocrx_word' id='word_1_309' title='bbox 343 2437 412 2473; x_wconf 87' lang='lat' dir='ltr'>hac</span> <span class='ocrx_word' id='word_1_310' title='bbox 439 2438 561 2485; x_wconf 87' lang='lat' dir='ltr'>specie</span> <span class='ocrx_word' id='word_1_311' title='bbox 588 2438 731 2485; x_wconf 85' lang='lat' dir='ltr'>vulgari</span> <span class='ocrx_word' id='word_1_312' title='bbox 769 2438 923 2485; x_wconf 90' lang='lat' dir='ltr'>ideoque</span> <span class='ocrx_word' id='word_1_313' title='bbox 958 2450 1045 2476; x_wconf 87' lang='lat' dir='ltr'>sane</span> <span class='ocrx_word' id='word_1_314' title='bbox 1084 2437 1320 2486; x_wconf 84' lang='lat' dir='ltr'>polymorpha</span> <span class='ocrx_word' id='word_1_315' title='bbox 1361 2440 1397 2473; x_wconf 87' lang='lat' dir='ltr'>et</span> <span class='ocrx_word' id='word_1_316' title='bbox 1426 2435 1592 2472; x_wconf 78' lang='lat' dir='ltr'>variabili</span> <span class='ocrx_word' id='word_1_317' title='bbox 1630 2436 1722 2472; x_wconf 87' lang='lat' dir='ltr'>inter</span> 
     </span>
     <span class='ocr_line' id='line_1_37' title="bbox 111 2495 1722 2546; baseline -0.002 -11"><span class='ocrx_word' id='word_1_318' title='bbox 111 2501 275 2535; x_wconf 84' lang='lat' dir='ltr'>auctores</span> <span class='ocrx_word' id='word_1_319' title='bbox 303 2496 392 2533; x_wconf 87' lang='lat' dir='ltr'>satis</span> <span class='ocrx_word' id='word_1_320' title='bbox 419 2497 593 2544; x_wconf 81' lang='lat' dir='ltr'>convenit,</span> <span class='ocrx_word' id='word_1_321' title='bbox 623 2497 785 2544; x_wconf 85' lang='lat' dir='ltr'>quamvis</span> <span class='ocrx_word' id='word_1_322' title='bbox 811 2498 973 2546; x_wconf 88' lang='lat' dir='ltr'>plerique</span> <span class='ocrx_word' id='word_1_323' title='bbox 1000 2509 1079 2534; x_wconf 88' lang='lat' dir='ltr'>cum</span> <span class='ocrx_word' id='word_1_324' title='bbox 1109 2508 1154 2534; x_wconf 88' lang='lat' dir='ltr'>ea</span> <span class='ocrx_word' id='word_1_325' title='bbox 1179 2497 1351 2544; x_wconf 86' lang='lat' dir='ltr'>plurimas</span> <span class='ocrx_word' id='word_1_326' title='bbox 1375 2496 1509 2532; x_wconf 85' lang='lat' dir='ltr'>formas</span> <span class='ocrx_word' id='word_1_327' title='bbox 1531 2495 1722 2542; x_wconf 79' lang='lat' dir='ltr'>conjunxe-</span> 
     </span>
    </p>
   </div>
   <div class='ocr_carea' id='block_1_11' title="bbox 273 2573 1557 2606">
    <p class='ocr_par' dir='ltr' id='par_1_12' title="bbox 273 2573 1557 2606">
     <span class='ocr_line' id='line_1_38' title="bbox 273 2573 1557 2606; baseline -0.002 -6"><span class='ocrx_word' id='word_1_328' title='bbox 273 2575 347 2600; x_wconf 80' lang='lat' dir='ltr'>Nova</span> <span class='ocrx_word' id='word_1_329' title='bbox 364 2575 430 2599; x_wconf 79' lang='lat' dir='ltr'>Acta</span> <span class='ocrx_word' id='word_1_330' title='bbox 448 2575 509 2606; x_wconf 82' lang='lat' dir='ltr'>Reg.</span> <span class='ocrx_word' id='word_1_331' title='bbox 529 2574 585 2599; x_wconf 85' lang='lat' dir='ltr'>Soc.</span> <span class='ocrx_word' id='word_1_332' title='bbox 605 2574 644 2599; x_wconf 84' lang='lat' dir='ltr'>Sc.</span> <span class='ocrx_word' id='word_1_333' title='bbox 663 2573 737 2606; x_wconf 83' lang='lat' dir='ltr'>Ups.⁷</span> <span class='ocrx_word' id='word_1_334' title='bbox 760 2575 813 2599; x_wconf 80' lang='lat' dir='ltr'>Ine</span> <span class='ocrx_word' id='word_1_335' title='bbox 835 2575 909 2600; x_wconf 70' lang='lat' dir='ltr'>serie.</span> <span class='ocrx_word' id='word_1_336' title='bbox 1543 2576 1557 2597; x_wconf 89' lang='grc'><strong>6</strong></span> 
     </span>
    </p>
   </div>
  </div>
 </body>
</html>
