2188 3044
501 205 548 240 20
1076 204 1121 240 N.
1149 202 1190 240 O.
1217 203 1428 248 Kmnssnne,

451 315 564 352 usque
605 305 768 351 (Linqui,
811 304 1006 346 Wahlenb„
1046 305 1150 353 Bryne
1181 311 1211 340 et
1241 305 1292 340 hb.
1319 303 1545 352 Lindblom);
1587 303 1709 339 Dania
1736 302 1831 338 haud
1861 313 1942 338 raro
1985 301 2057 344 (hb.

452 364 619 411 Lcmye);
657 363 793 410 Anglia
819 376 850 399 v.
879 375 908 399 c.
937 363 983 398 ad
1008 363 1139 399 Lewes
1165 362 1326 413 (Woods
1352 364 1391 399 in
1417 364 1467 399 hb.
1496 363 1665 411 Souder),
1691 361 1918 398 Forfarshire
1946 361 2057 406 (Car—

453 424 549 470 neyz’e
586 423 625 457 in
656 423 707 457 hb.
736 422 912 472 Sonder);
956 422 1078 459 Scotia
1110 422 1304 472 (Domina
1336 423 1485 470 Harvey
1524 422 1563 457 z'n
1589 422 1639 457 hb.
1667 435 1716 457 ac.
1743 422 1857 457 scient.
1885 419 2058 469 Holm.);

454 480 575 517 Gallia
601 481 720 517 multis
746 481 783 516 in
809 481 899 517 locis
925 494 958 518 v.
986 493 1015 517 c.
1043 481 1091 517 ad
1117 481 1291 517 Telonem
1317 481 1404 531 (De
1432 482 1542 517 (land.
1569 481 1608 516 in
1634 482 1685 516 hb.
1712 481 1813 516 Fries
1841 486 1870 515 et
1895 479 1946 514 hb.
1964 478 2058 514 ZVIus.

451 538 592 588 Pam.)
620 539 667 575 ad
688 540 926 587 Monspelinm
952 539 1145 590 (auctor)
1173 540 1370 576 Germania
1397 541 1504 576 etiam
1529 540 1566 576 in
1593 540 1718 576 salinis
1745 552 1776 575 v.
1798 551 1827 575 e.
1856 538 1902 574 ad
1928 538 2061 574 Halam

451 597 611 648 (Rchb.)
649 598 697 634 ad
730 599 861 635 Artern
893 599 1104 646 Thuringiae
1146 599 1305 649 (Mirich
1335 601 1376 635 in
1406 601 1458 635 hb.
1493 613 1542 635 ac.
1568 600 1683 635 scient.
1718 598 1884 646 Holm.),·
1927 597 2061 634 Rossia

451 657 572 692 merid.
601 657 648 692 ad
673 658 851 694 Astracan
877 659 954 708 (hb.
981 658 1075 694 illua
1103 658 1249 708 Berol.)
1276 662 1311 695 et
1335 658 1557 695 Bessarabia
1595 658 1838 708 (Nordmcmm
1864 658 1900 693 in
1926 657 1984 693 hb.
2011 656 2058 692 M.

450 716 603 765 Beroi),
642 717 748 753 Italia
776 717 884 768 (Savz'
907 718 945 753 in
970 718 1027 753 hb.
1055 718 1191 766 Holm.)
1232 718 1279 754 ad
1305 718 1468 755 Vicenza
1508 717 1654 765 (Tarra
1685 717 1721 753 in
1747 717 1804 753 hb.
1832 716 1986 766 Hohn.),
2015 715 2061 752 ad

452 775 668 822 Tergestum
694 776 848 827 (Ptolom
861 776 967 827 ibid)
994 776 1040 812 ad
1064 775 1253 813 Genovam
1280 777 1312 827 (
1306 778 1367 813 De
1384 777 1466 812 Not.
1485 776 1608 826 ibid.);
1634 776 1814 823 Hispania
1831 788 1862 811 v.
1879 787 1908 812 c.
1924 775 2061 811 Murcia

451 835 531 884 (hb.
562 835 730 885 Lanye),
774 836 956 883 Aranjuez
987 835 1199 886 (Guira0);
1241 836 1431 873 Lusitania
1463 836 1509 871 ad
1549 835 1696 872 Setuval
1722 835 1899 885 (Forssell
1923 835 1962 870 in
2000 835 2052 870 hb.

452 893 616 944 Halm),
659 894 804 931 Graecia
831 895 877 931 ad
903 895 1036 931 Modon
1062 894 1191 944 (Bory
1218 896 1259 931 cle
1286 896 1338 931 St.
1375 895 1522 931 Vincenti
1549 896 1585 931 z'n
1614 895 1665 930 hb.
1692 893 1847 943 Ber-ob),
1875 894 1912 929 in
1940 892 2060 941 Cypro

451 952 622 1003 (quevre
647 954 869 1005 ibid).1n
900 954 981 990 aliis
1019 955 1181 1002 partibus
1214 955 1310 991 orbis
1338 958 1511 990 terrarum
1543 953 1742 990 distributio
1782 954 1886 1000 hujus
1927 952 2061 1000 speciei

450 1023 522 1048 non
551 1016 606 1048 est
632 1013 721 1049 satis
748 1017 850 1061 nota,
887 1014 1087 1061 praesertim
1113 1025 1219 1060 quum
1246 1025 1352 1061 quam
1379 1014 1580 1060 saepissime
1608 1025 1687 1049 cum
1714 1013 1795 1048 aliis
1823 1012 1971 1048 confusa
1997 1012 2061 1048 sit:

451 1071 648 1118 specimina
675 1076 772 1108 certa
802 1073 877 1108 vidi
913 1073 950 1108 in
976 1072 1122 1108 AFRICA
1158 1073 1253 1109 lecta
1279 1086 1311 1109 v.
1340 1085 1368 1109 c.
1399 1073 1445 1109 ad
1472 1071 1597 1109 Gabes
1636 1072 1796 1123 (Kralilc
1822 1072 1880 1107 Pl.
1912 1071 2062 1122 Tunet.)

451 1130 498 1166 ad
524 1130 778 1166 Alexandriam
815 1131 1053 1182 (Hedenbory
1084 1133 1124 1168 in
1149 1133 1201 1168 hb.
1229 1133 1352 1169 Holm.
1380 1139 1411 1168 et
1444 1130 1560 1181 Πρω),
1589 1131 1635 1167 ad
1663 1131 1828 1178 Tripolin
1853 1130 2061 1181 (Rothmcm

450 1190 490 1225 in
528 1191 580 1225 hb.
611 1190 775 1240 Holmj,
821 1190 868 1226 ad
898 1191 1076 1238 Algiriam
1118 1191 1269 1241 (Jamz‘n
1300 1192 1339 1227 in
1378 1192 1429 1227 hb.
1457 1190 1617 1240 Paria),
1662 1191 1699 1226 in
1739 1190 1880 1226 deserto
1920 1190 2060 1238 Libyco

450 1248 695 1299 (d’Escayrac
725 1249 847 1300 ibici),
890 1250 1088 1299 Abyssinia
1126 1251 1307 1301 (Schimp.
1345 1252 1384 1286 in
1421 1251 1473 1286 hb.
1506 1249 1661 1300 Berolj,
1705 1249 1742 1284 in
1773 1261 1884 1296 prom.
1921 1250 1954 1285 b.
1983 1249 2062 1296 spei

450 1307 595 1358 (Dreye
620 1309 659 1344 in
685 1310 757 1344 libb.
784 1309 894 1351 Fries,
922 1310 1041 1345 Berol.
1068 1317 1098 1346 et
1122 1310 1259 1350 Paris.,·
1296 1310 1446 1345 Wallz'oh.
1471 1310 1511 1345 in
1536 1310 1588 1344 kb.
1615 1309 1782 1359 Holmj;
1821 1309 1858 1344 in
1886 1307 2062 1344 AMERIOA

449 1367 585 1404 boreali
612 1367 657 1403 ad
689 1367 826 1404 Boston
865 1368 1030 1419 (swartz
1061 1370 1100 1405 in
1138 1370 1190 1405 hb.
1222 1368 1389 1419 Holmj,
1431 1368 1581 1404 australi
1619 1380 1651 1403 v.
1685 1379 1714 1404 c.
1749 1367 1795 1403 ad
1834 1367 2061 1404 Montevideo

450 1426 717 1476 (Gaudiclzaud
751 1428 790 1463 in
830 1429 880 1464 hb.
912 1429 1048 1469 Berol.,·
1088 1429 1222 1464 Arsene
1248 1429 1391 1464 [sabella
1417 1428 1456 1463 in
1482 1428 1533 1463 hb.
1560 1427 1721 1478 Parisj;
1761 1427 1798 1462 in
1823 1427 1935 1464 NOVA
1960 1426 2060 1463 HOL-

449 1494 603 1532 LANDIA,
632 1486 696 1522 ins.
727 1486 966 1524 Halmaturor.
1019 1488 1189 1538 (Baudin
1214 1488 1254 1524 in
1279 1489 1330 1523 hb.
1358 1487 1495 1537 Paris.)

601 1545 720 1581 Radix
747 1558 887 1594 crassa,
928 1548 1003 1583 fere
1031 1547 1198 1594 simplex,
1237 1547 1414 1594 pereimis.
1482 1545 1614 1582 Caules
1642 1557 1740 1594 saepe
1768 1546 2000 1593 spithamales
2026 1550 2062 1582 et

450 1604 556 1650 ultra,
594 1605 716 1652 erecti,
758 1606 860 1653 apice
892 1610 1059 1642 nutantes
1094 1618 1125 1641 v.
1153 1606 1337 1653 prostrati,
1379 1606 1633 1652 aliquantulum
1666 1605 1876 1652 compressi,
1918 1605 2061 1651 glabre-

450 1667 591 1699 scentes
617 1675 648 1699 v.
676 1665 791 1701 rarius
819 1677 863 1701 ex
889 1669 993 1713 parte
1019 1665 1497 1712 glanduloso-pubescentes
1542 1665 1648 1701 Folia
1675 1664 1899 1708 semiteretia,
1919 1664 2061 1700 lineari-

449 1722 642 1768 filiformia,
671 1724 773 1770 apice
801 1724 981 1770 subulata,
1009 1724 1184 1760 interdum
1210 1728 1430 1770 mucronata,
1467 1725 1550 1760 laete
1581 1724 1745 1769 virentia,
1779 1724 2060 1770 glabrescentia,

450 1781 658 1817 internodiis
685 1794 766 1818 raro
793 1783 967 1830 longiora.
1021 1783 1169 1831 Stipulae
1196 1784 1340 1830 breves,
1376 1784 1448 1819 late
1483 1787 1613 1830 ovatae,
1650 1783 1805 1819 breviter
1832 1783 2059 1829 acuminatae,

450 1841 524 1876 fere
556 1840 707 1887 integrae
733 1853 858 1888 parum
884 1842 1015 1878 nitidae.
1081 1843 1279 1879 Pedimculi
1310 1843 1457 1879 floriferi
1482 1843 1557 1878 fere
1590 1853 1712 1878 omnes
1752 1842 1847 1878 foliis
1888 1842 2059 1890 destituti,

450 1899 561 1935 infimi
599 1899 774 1936 interdum
812 1901 907 1937 foliis
939 1902 1030 1948 fulti,
1072 1901 1212 1937 demum
1246 1903 1395 1949 capsula
1432 1902 1492 1937 vix
1528 1900 1634 1948 duplo
1674 1902 1866 1947 longiores.
1927 1901 2061 1949 Sepala

454 1957 667 2004 acuminata,
708 1959 870 2006 margine
908 1965 1061 2006 anguste
1100 1973 1133 1996 v.
1173 1961 1280 1996 latius
1318 1960 1489 1996 scarioso.
1554 1960 1682 1995 Petala
1721 1961 1792 1996 late
1833 1964 1956 2005 ovata,
1998 1962 2059 1997 ob—

452 2021 550 2063 tusa,
592 2017 751 2065 calycem
790 2019 865 2053 fere
905 2019 1099 2065 aequantia,
1140 2019 1275 2065 albida,
1317 2019 1419 2066 apice
1454 2030 1569 2055 rosea.
1625 2017 1785 2065 Capsula
1811 2031 1959 2066 magna,
2001 2032 2059 2056 ea-

452 2076 532 2124 lyce
563 2076 638 2111 fere
666 2076 772 2124 duplo
803 2077 961 2123 longior,
990 2081 1111 2123 ovata,
1140 2078 1275 2113 obtusa.
1342 2077 1486 2114 Semina
1512 2078 1707 2122 rufofusca,
1748 2077 1868 2124 laevia,
1904 2080 2060 2127 compla-

453 2138 552 2181 nata,
579 2135 781 2182 rotundata,
809 2136 971 2182 margine
997 2147 1122 2184 parum
1149 2136 1287 2172 elevato
1313 2136 1479 2183 praedita,
1509 2136 1709 2184 saepissime
1736 2137 1807 2173 late
1835 2138 1932 2174 alata
1964 2140 2011 2188 (v.
2029 2153 2059 2175 v.

454 2207 502 2242 sp.
527 2200 557 2230 et
579 2194 684 2243 cult).

606 2253 645 2290 Si
672 2253 718 2289 ad
743 2253 872 2289 Patres
900 2254 1060 2290 scientiae
1083 2255 1237 2290 animum
1264 2254 1532 2301 attenderimus,
1573 2255 1678 2291 facile
1705 2256 1939 2303 inveniemus,
1967 2257 2060 2294 hanc

454 2313 611 2360 speciem
637 2313 681 2349 iis
709 2313 840 2360 optime
868 2313 1048 2360 cognitam
1072 2314 1192 2350 fuisse.
1237 2314 1522 2361 Daleclzampius‚
1550 2315 1609 2361 qui
1634 2326 1713 2351 eam
1739 2316 1872 2362 primus
1900 2316 2061 2352 distinxit

456 2376 491 2407 et
518 2371 717 2418 delineavit,
747 2376 781 2407 et
806 2376 888 2419 post
915 2383 994 2408 eum
1020 2372 1279 2408 illustrissimus
1306 2373 1380 2408 fere
1408 2373 1557 2420 quisque
1583 2374 1837 2421 botanicornm,
1867 2379 1949 2411 ante
1975 2375 2060 2411 Lin-

455 2442 572 2466 naeum
598 2431 805 2477 viventium,
841 2442 970 2466 nomen
998 2431 1187 2480 Speoyulae
1214 2433 1266 2478 (v.
1295 2432 1448 2482 Alsines)
1489 2434 1650 2469 marinae
1682 2433 1715 2469 ei
1745 2433 1922 2481 imposuit.
1981 2435 2059 2470 Nec

458 2488 657 2525 dubitemus
682 2490 750 2526 hoc
778 2500 906 2525 nomen
933 2493 1004 2526 tam
1030 2491 1121 2526 bene
1147 2489 1330 2526 fundatum
1356 2491 1518 2528 retinere.
1584 2492 1769 2528 Linnaeus
1800 2493 1940 2539 quidem
1979 2504 2059 2528 eam

459 2558 537 2583 cum
575 2550 756 2585 Arenaria
794 2549 901 2584 rubra
939 2553 977 2585 ut
1014 2550 1224 2586 varietatem
1263 2550 1462 2598 conjungit,
1502 2551 1631 2588 retinet
1669 2556 1789 2588 tamen
1823 2562 1952 2588 nomen
1983 2565 2059 2587 ma-
