2188 3044
506 210 551 245 18
1079 208 1124 245 N.
1152 208 1193 245 O.
1221 209 1438 254 KINDBERG,

455 310 645 357 conjungit.
711 310 745 347 A
771 310 950 358 Lepiyono
982 312 1208 351 macrotheco,
1250 309 1306 345 cui
1336 309 1461 346 habitu
1497 311 1603 347 valde
1638 312 1780 353 similis,
1817 311 1949 348 differt:
1989 316 2063 349 tota

452 381 555 416 paene
582 369 691 404 herba
717 369 981 415 glabrescente,
1024 369 1120 405 haud
1150 380 1231 405 raro
1273 369 1406 415 sepalis
1441 373 1576 406 tantum
1607 372 1750 418 pilosis,
1791 371 1886 407 foliis
1928 371 2063 418 longis-

454 428 553 463 simis
593 427 791 463 internodia
829 428 1036 475 plerumque
1074 428 1180 464 valde
1222 428 1490 475 superantibus,
1538 429 1747 476 pedunculis
1791 430 1946 477 aphyllis
1985 431 2063 466 bre—

453 487 627 532 vioribus,
668 486 801 532 sepalis
836 487 1058 524 brevioribus
1095 487 1261 533 oblongis
1294 487 1425 532 acutis,
1468 487 1617 534 capsula
1653 489 1813 536 calycem
1840 493 2003 536 aequante
2029 501 2062 524 v.

453 546 668 591 aliquantum
696 545 905 592 excedente,
947 546 1142 582 seminibus
1172 546 1283 582 fuscis
1313 546 1547 594 complanatis
1574 546 1787 593 rotundatis,
1816 548 1978 595 margine
2004 548 2065 584 vix

453 604 601 649 elevato,
630 605 688 640 ala
713 605 839 641 latiore
866 617 964 652 saepe
991 605 1161 653 praeditis.
1216 605 1435 653 Lepiyomcm
1460 606 1656 647 marinum,
1684 617 1832 652 quocum
1856 607 1962 642 facile
1982 618 2064 642 con-

451 663 682 710 fundendum,
720 665 900 712 praecipue
932 664 1057 700 distat:
1095 665 1244 712 capsula
1275 664 1381 700 valde
1409 668 1569 710 exserta,
1610 665 1705 701 foliis
1743 669 1778 701 et
1817 665 1957 712 stipulis
1983 666 2063 701 bre-v

450 722 624 769 vioribus,
654 723 804 770 aliisque
831 724 925 759 notis
947 724 1024 771 jam
1052 724 1171 760 allatis
1209 730 1254 773 (v.
1282 738 1311 759 v.
1337 725 1413 759 cult.
1442 730 1472 759 et
1495 724 1570 759 sic-c.
1597 724 1663 773 sp.)

601 793 653 830 Ut
680 805 789 841 supra
815 794 1012 840 attulimus,
1052 795 1131 831 11360
1165 794 1306 842 species
1333 805 1404 829 non
1431 797 1486 829 est
1521 805 1632 840 nova,
1675 794 1740 830 sed
1779 799 1898 830 tamen
1937 806 2062 841 parum

450 852 612 898 cognita,
652 853 735 900 quia
768 864 865 900 saepe
894 865 972 889 cum
999 865 1085 889 vera
1113 854 1286 902 Spergyula
1313 853 1447 901 prandi
1484 853 1584 889 Pers.
1614 865 1690 901 syn.
1717 854 1750 900 I,
1781 855 1852 890 522
1895 853 2063 901 (aliisque

450 911 656 959 speciebus)
697 913 846 948 confusa
876 916 947 949 est:
989 924 1068 959 quae
1094 916 1214 948 tamen
1241 913 1389 960 capsula
1416 912 1550 948 5-valvi
1577 912 1694 948 differt
1721 917 1757 949 et
1787 925 1806 949 e
1834 924 1967 960 genere
1993 912 2063 948 Le-

449 971 662 1018 pigonorum
686 971 903 1007 excludatur.
948 971 1153 1008 Verisimile
1180 975 1244 1017 est,
1274 971 1342 1006 def.
1366 970 1535 1018 Walpers
1561 972 1629 1008 hoc
1656 971 1800 1018 vidisse,
1830 972 1914 1018 quia
1931 971 2062 1020 ''Sper-

446 1031 569 1077 9ulam
592 1043 768 1066 ramosam
798 1031 934 1066 CcmzbJ'
962 1042 982 1066 e
1004 1030 1163 1066 sectione
1181 1031 1456 1071 Arenariarum,
1484 1042 1564 1077 quae
1591 1031 1731 1078 species
1760 1031 1948 1078 stipulatas
1968 1042 2062 1067 com-

448 1089 644 1136 prehendit,
674 1089 829 1125 excludit
857 1089 918 1137 (W
920 1090 989 1136 alp.
1017 1089 1157 1137 Repert.
1183 1090 1210 1136 Ι,
1235 1090 1334 1140 264).
1387 1089 1429 1125 Α.
1462 1089 1564 1137 Gray
1592 1090 1745 1137 (W⁷z'llces
1765 1091 1856 1139 emp.)
1885 1090 2062 1138 ’Ἐμφρα-

450 1149 578 1185 Zariam
606 1149 802 1184 ramosam⁷'
843 1149 1053 1185 varietatem
1081 1149 1283 1198 Speoyular.
1307 1149 1456 1197 yrandis
1483 1160 1564 1184 esse
1593 1149 1764 1196 opinatur.
1830 1149 2000 1196 Nomina,
2042 1160 2064 1185 a

451 1206 715 1244 Cambessedes
743 1208 842 1254 data,
881 1219 953 1244 non
980 1207 1090 1254 digna
1118 1213 1215 1256 sunt,
1257 1220 1337 1256 quae
1369 1207 1604 1255 recipiantur:
1645 1208 1704 1244 ille
1733 1208 1825 1244 enim
1852 1211 1976 1243 auctor
2003 1207 2062 1243 de-

450 1267 662 1314 scriptiones
689 1267 794 1303 valde
821 1268 1003 1313 obscuras,
1031 1267 1188 1303 incertas
1215 1271 1251 1303 et
1278 1279 1323 1303 ex
1349 1271 1450 1315 parte
1476 1266 1590 1302 falsas
1619 1266 1732 1302 dedit:
1772 1266 1810 1302 id
1837 1266 1931 1313 quod
1958 1278 1978 1302 6
2004 1267 2063 1302 Fl.
2112 1281 2117 1283 ·

450 1325 663 1362 Brasilz'ensz'
687 1326 783 1362 clare
810 1330 969 1373 apparet.
1034 1326 1161 1373 Neque
1187 1326 1298 1373 igitur
1328 1337 1535 1374 possumus,
1577 1325 1660 1372 quin
1692 1337 1821 1362 nomen
1848 1330 2060 1371 statuamus,

448 1388 487 1420 ut
512 1396 618 1432 porro
646 1385 806 1421 confusio
834 1386 994 1421 evitetur.
1062 1385 1137 1422 Cel.
1168 1385 1284 1422 Fenzl
1310 1385 1452 1432 quidem
1479 1385 1630 1421 eandem
1662 1385 1820 1432 speciem
1859 1385 1979 1432 aliqua
2018 1396 2063 1421 ex

449 1448 551 1491 parte
576 1445 717 1481 nomine
745 1445 994 1493 Speryularz'ae
1016 1445 1165 1493 grandis
1191 1444 1293 1481 Pers.
1322 1445 1540 1491 significavit
1575 1445 1652 1494 (sec.
1681 1445 1797 1480 adnot.
1824 1445 1863 1480 in
1890 1445 1940 1480 hb.
1966 1444 2061 1480 illus.

450 1504 563 1539 Berol.
577 1504 620 1554 Ι)

599 1575 795 1612 Varietatis
822 1575 941 1612 allatae
967 1579 1102 1611 tantum
1128 1586 1245 1622 pauca
1271 1574 1468 1621 specimina
1493 1574 1583 1610 vidi:
1612 1574 1770 1621 speciem
1797 1574 1976 1611 diversam
2001 1575 2062 1610 vix

448 1646 645 1671 censemus.

907 1738 940 1772 4.
993 1735 1215 1771 LEPIGONUM
1240 1744 1408 1771 MARINUM
1446 1735 1589 1772 Wahlb.

600 1821 745 1858 Semina
772 1822 996 1869 complanata
1021 1821 1220 1864 rotundata,
1240 1821 1404 1868 margine
1429 1833 1555 1869 parum
1583 1821 1721 1857 elevato
1748 1821 1910 1868 praedita.
1965 1820 2059 1869 Cap-

449 1879 527 1915 sula
554 1880 676 1928 calyce
702 1882 777 1917 fere
806 1881 912 1928 duplo
939 1881 1090 1927 longior.
1156 1880 1354 1916 Pedunculi
1383 1881 1458 1916 fere
1486 1892 1609 1917 omnes
1635 1880 1730 1915 foliis
1759 1880 1933 1926 destituti,
1977 1892 2060 1928 cap-

448 1939 528 1974 sula
553 1939 612 1974 vix
639 1939 745 1986 duplo
773 1939 964 1986 longiores.
1022 1940 1170 1987 Stipulae
1201 1940 1340 1975 breves.
1400 1939 1520 1974 Radix
1555 1950 1680 1974 crassa
1706 1939 1883 1985 perennis.

600 1999 772 2046 Speryula
803 2000 945 2034 marina
977 1998 1211 2045 Dalechamp.
1254 1997 1383 2047 (1586)
1424 2009 1458 2044 p.
1495 1998 1602 2033 1385.
1671 1996 1834 2033 Amman.
1876 1997 1970 2033 char.
2011 1999 2059 2046 pl.

450 2059 581 2101 (1700)
609 2069 642 2104 p.
672 2059 743 2093 576
770 2069 802 2093 11.
830 2059 936 2093 1317.

600 2125 772 2172 Speryula
801 2125 943 2160 marina
970 2131 1104 2160 nostras
1141 2122 1175 2159 J.
1202 2121 1316 2158 Bauh.
1350 2122 1430 2158 hist.
1472 2123 1614 2172 (1651)
1654 2123 1717 2159 HI.
1757 2135 1789 2170 p.
1827 2125 1907 2159 722.
1977 2124 2057 2171 Raj.

446 2184 527 2219 hist.
552 2195 584 2230 p.
607 2185 713 2219 1034.

598 2252 721 2287 Alsine
749 2251 941 2299 Spmyulae
956 2251 1053 2299 facie
1078 2251 1193 2286 media
1231 2249 1271 2286 O.
1299 2250 1411 2286 Bauli.
1439 2249 1509 2297 pin.
1539 2249 1669 2299 (1671)
1702 2262 1735 2297 p.
1765 2251 1846 2285 251.
1900 2250 2056 2297 Magnol.

446 2310 524 2346 Bot.
552 2321 688 2357 monsp.
716 2321 749 2357 p.
781 2312 836 2345 14.
890 2310 1058 2346 Tournef.
1087 2313 1122 2344 et
1147 2308 1246 2345 Juss.
1272 2309 1353 2345 inst.
1380 2309 1434 2344 rei
1459 2309 1557 2344 herb.
1587 2308 1714 2358 (1719)
1747 2308 1774 2354 I,
1802 2320 1836 2355 p.
1862 2310 1944 2344 243.

598 2378 720 2413 Alsine
749 2378 939 2425 Speryulae
967 2378 1066 2426 facie
1091 2377 1234 2412 m-am'na
1260 2377 1426 2424 perennis
1449 2378 1540 2424 flore
1571 2376 1716 2411 violaceo
1753 2375 1946 2412 Hermann.
1988 2380 2055 2412 cat.

446 2435 533 2471 hort.
561 2435 679 2482 Lugd.
706 2436 785 2472 Bat.
814 2436 944 2486 (1687)
984 2448 1018 2484 p.
1050 2437 1105 2482 19,
1134 2437 1190 2471 20.

596 2505 719 2539 Alsine
747 2504 918 2552 Speryula
945 2505 1059 2552 major
1085 2504 1266 2539 maritima
1285 2505 1452 2552 perennis
1477 2505 1559 2545 flore
1592 2504 1736 2539 violaceo
1777 2502 1945 2538 Morison.
1973 2502 2054 2537 hist.

445 2562 491 2608 pl.
520 2562 647 2612 (1680)
674 2562 710 2598 Π
735 2575 769 2610 p.
793 2563 875 2599 551.
