2188 3044
663 186 942 222 MONOGRAPHLA
979 195 1251 223 LEPIGONORUM.
1697 188 1715 222 7

293 287 429 324 Herbae
461 298 608 333 annuae,
636 287 813 324 interdum
839 291 1099 336 perennantes,
1139 292 1175 325 et
1211 299 1409 336 perennes,
1449 288 1557 325 immo
1590 288 1767 325 interdum

144 347 447 384 suffrutescentes.
513 346 639 382 Radius
666 350 722 383 est
747 347 1010 384 subfusiformis
1038 359 1171 393 annua,
1211 348 1329 384 tenuis
1371 352 1407 385 et
1437 360 1565 397 parum
1604 359 1765 393 ramosa,

142 404 200 442 vel
228 405 413 454 perennis,
442 405 600 442 crassior
628 409 664 442 et
693 406 882 452 ramosior,
909 405 1087 442 interdum
1113 407 1312 455 multiceps.

301 473 418 509 caulis
444 473 644 509 herbaceus
671 472 878 520 subrigidus
905 473 1044 510 solidus
1070 473 1247 510 interdum
1274 474 1441 522 simplex,
1476 475 1610 523 saepius
1637 486 1660 510 a
1685 474 1766 510 basi

141 531 200 568 vel
226 543 381 579 superne
406 544 586 579 ramosus,
626 532 737 568 ramis
761 532 844 579 plus
870 532 1034 568 minusve
1063 533 1293 579 aggregatis,
1335 537 1492 581 erectus,
1530 534 1634 582 apice
1666 544 1766 580 saepe

140 594 285 637 nutans,
311 591 371 627 vel
396 592 634 639 procumbens
660 594 922 639 prostratusve,
951 590 1127 637 nodosus,
1165 591 1406 638 geniculatus,
1447 593 1657 629 internodiis
1684 593 1766 640 plus

141 649 304 686 minusve
337 650 613 698 approximatis,
654 654 751 686 teres
783 662 816 686 v.
844 650 1110 697 complanatus,
1151 649 1329 686 interdum
1359 651 1497 688 inferne
1537 652 1765 699 quadrangu—

140 708 239 756 laris,
266 709 364 745 haud
388 721 470 746 raro
498 709 635 756 glaber,
665 720 764 757 saepe
790 709 872 756 plus
898 709 1015 745 minus
1042 709 1178 745 crebris
1204 709 1289 757 pilis
1315 710 1484 747 brevibus
1503 711 1765 758 glanduligeris

139 780 173 804 v.
193 768 440 815 eglandulosis
464 768 647 816 praeditus,
675 768 828 816 ideoque
854 769 913 805 vel
936 767 1097 805 viscidus
1120 780 1153 804 v.
1172 769 1385 816 pubescens,
1411 769 1614 817 saepissime
1632 771 1764 816 virens,

142 827 320 865 interdum
347 827 605 875 aliquantulum
630 828 827 864 rubescens
853 840 886 864 v.
914 827 1163 875 glaucescens.

294 896 399 932 Folia
426 894 618 942 simplicia,
648 896 828 943 opposita,
859 896 1017 942 sessilia,
1060 895 1222 942 enervia,
1263 895 1473 943 plerumque
1501 897 1764 943 subfiliformia,

140 954 318 992 interdum
345 954 527 990 crassiora
553 957 589 990 et
614 965 777 1001 carnosa,
808 955 1006 1003 cylindrica
1031 967 1063 991 v.
1091 954 1312 991 semiteretia
1340 967 1373 991 V.
1399 955 1636 1003 complanata,
1665 968 1764 1004 saepe

140 1018 302 1060 curvata,
331 1026 351 1051 e
377 1013 459 1050 basi
483 1013 691 1060 angustiore
717 1014 864 1061 paulum
891 1014 1042 1050 dilatata
1068 1014 1209 1061 apicem
1243 1025 1371 1050 versus
1408 1014 1576 1050 obtusata
1615 1027 1647 1051 v.
1683 1016 1764 1051 sub-

140 1073 248 1120 ulata,
276 1073 350 1121 pilo
376 1073 479 1110 brevi
506 1072 657 1109 aristata
681 1084 714 1109 v.
734 1073 831 1110 nuda
857 1073 988 1121 glabra
1012 1086 1045 1109 v.
1064 1073 1300 1120 pubescentia
1325 1085 1358 1109 v.
1380 1073 1762 1120 glanduloso-viscida,

139 1132 349 1169 internodiis
376 1132 528 1168 caulinis
556 1132 795 1179 subaequalia,
837 1145 937 1181 saepe
963 1137 1084 1170 tamen
1109 1132 1277 1169 breviora
1302 1133 1324 1169 1.
1352 1132 1539 1180 longiora:
1579 1133 1616 1169 in
1643 1134 1762 1170 axillis

140 1192 305 1229 fasciculi
330 1191 495 1228 foliorum
521 1191 697 1227 interdum
724 1197 922 1228 occurrunt.

294 1259 455 1308 Scz'pulae
482 1259 659 1307 oppositae
686 1260 966 1308 amplexicaules
993 1264 1201 1308 segregatae
1228 1272 1262 1296 v.
1289 1259 1426 1296 inferne
1453 1263 1633 1306 connatae,
1671 1260 1764 1296 albae

138 1318 313 1356 scariosae
341 1318 423 1366 plus
449 1319 611 1355 minusve
635 1319 773 1366 nitidae,
814 1320 968 1367 integrae
993 1332 1026 1356 v.
1052 1320 1202 1366 lacerae,
1239 1319 1316 1355 fere
1343 1322 1473 1365 acutae,
1514 1331 1607 1356 nunc
1633 1319 1763 1355 breves

138 1377 557 1425 subtriangulari-ovatae
584 1382 620 1414 et
646 1379 833 1426 obtusatae,
861 1391 955 1416 nunc
983 1379 1165 1427 elongatae
1191 1382 1228 1415 et
1251 1379 1474 1415 acuminatae.

240 1445 501 1494 Inflorescentia
526 1446 725 1483 terminalis
750 1447 1069 1495 paniculaeformis,
1111 1447 1329 1494 dichotoma,
1369 1459 1468 1495 saepe
1499 1447 1537 1483 in
1563 1446 1623 1483 ala
1646 1457 1762 1482 ramo-

138 1517 230 1551 rum,
258 1505 366 1541 flores
393 1505 574 1542 solitarios
601 1517 747 1553 gerens,
772 1506 869 1542 haud
895 1519 977 1543 raro
1004 1507 1217 1543 abbreviata
1242 1507 1474 1555 subcymosa,
1517 1518 1616 1554 saepe
1643 1509 1762 1542 autem

137 1565 248 1602 ramis
276 1564 455 1610 elongatis
481 1565 697 1612 racemosis3
724 1565 895 1613 pedicelli
917 1569 1060 1612 teretes,
1086 1565 1265 1602 interdum
1288 1578 1442 1614 superne
1464 1565 1666 1611 incrassati,
1695 1564 1761 1600 fili-

137 1625 270 1661 formes
296 1636 329 1659 v.
358 1623 561 1671 capillacei,
590 1624 764 1671 elongati,
791 1625 907 1661 rarius
935 1625 1135 1661 abbreviati
1163 1629 1198 1661 et
1224 1625 1443 1672 deficientes,
1471 1625 1626 1672 virginei
1653 1624 1762 1660 erecti

138 1695 172 1720 v.
195 1686 376 1731 patentes,
406 1682 570 1718 deflorati
594 1683 748 1730 refracti,
777 1684 897 1720 effoeti
924 1684 1040 1720 denuo
1066 1685 1186 1721 erecti.

292 1751 467 1787 Bracteae
493 1762 573 1787 cum
599 1751 695 1787 foliis
720 1751 893 1798 proximis
920 1764 1015 1788 nexu
1041 1753 1232 1800 perspicuo
1260 1752 1351 1789 adeo
1380 1752 1570 1797 cohaerent,
1598 1755 1637 1787 ut
1662 1762 1761 1798 saepe

137 1811 327 1847 transitum
354 1809 639 1846 animadvertere
665 1810 801 1857 possis,
842 1811 1020 1848 interdum
1047 1816 1165 1848 autem
1191 1816 1267 1848 tam
1293 1812 1507 1858 abbreviati,
1550 1814 1589 1847 ut
1619 1810 1760 1846 inflore-

139 1870 277 1906 scentia
301 1873 377 1905 tota
403 1869 549 1917 aphylla
576 1869 793 1916 appelletur:
826 1869 864 1905 id
890 1870 986 1917 quod
1011 1871 1048 1912 111
1074 1871 1187 1907 hortis
1217 1871 1396 1907 botanicis
1422 1871 1529 1907 facile
1557 1874 1613 1906 est
1639 1871 1760 1906 obser-

138 1940 240 1975 vare,
281 1928 479 1976 specimina
511 1928 604 1964 enim
631 1928 727 1964 culta
753 1927 1019 1966 inflorescentia
1044 1930 1152 1978 plane
1180 1931 1327 1979 aphylla
1352 1942 1434 1967 raro
1468 1934 1550 1967 sunt
1590 1929 1759 1976 praedita,

138 1992 223 2024 tunc
249 1987 360 2035 igitur
385 1987 473 2023 folia
499 1987 546 2023 ad
571 1987 769 2035 pedicellos
798 1987 925 2024 saltem
952 1988 1139 2025 inferiores
1165 2002 1230 2038 pro
1257 1990 1413 2026 bracteis
1438 1989 1658 2025 evolvuntur.

290 2063 420 2100 Flores
447 2063 620 2100 minores:
651 2063 787 2112 Sepalz's
815 2065 837 2099 5
864 2065 1081 2113 aequalibus,
1118 2065 1408 2113 persistentibus,
1436 2065 1639 2110 herbaceis,
1667 2076 1758 2099 mar-

138 2122 224 2169 gine
250 2122 457 2170 plerumque
496 2123 667 2159 scariosis
695 2123 849 2159 enerviis
882 2136 914 2159 v.
942 2124 1058 2161 rarius
1083 2113 1193 2161 nervo
1220 2124 1338 2161 medio
1363 2125 1554 2172 perspicuo
1580 2123 1757 2170 praeditis,

139 2181 237 2218 haud
266 2182 497 2228 mucronatis,
542 2182 589 2217 ad
619 2182 725 2218 basin
749 2182 927 2218 interdum
953 2184 1095 2219 macula
1119 2184 1226 2230 nigra
1251 2183 1401 2219 notatis:
1428 2183 1562 2218 Patalis
1590 2184 1611 2218 5
1640 2193 1758 2228 aequa-

139 2241 233 2277 libus
267 2241 586 2287 marcescentibus,
627 2242 702 2277 fere
736 2241 851 2277 ovatis
879 2242 1107 2288 oblongisve,
1148 2242 1243 2278 haud
1270 2242 1503 2287 mueronatis,
1544 2241 1614 2277 imo
1643 2241 1759 2288 calyci

139 2299 284 2336 insertis
310 2299 522 2336 brevissime
547 2300 790 2347 unguiculatis
824 2301 976 2347 integris
1018 2301 1136 2348 calyci
1167 2301 1243 2336 fere
1275 2300 1474 2346 aequalibus
1513 2312 1607 2336 nunc
1647 2300 1756 2346 albis,

139 2358 317 2396 interdum
343 2358 447 2405 apice
474 2359 604 2405 roseis,
633 2370 727 2394 nunc
752 2359 1121 2407 lilacino-purpureis:
1150 2359 1368 2395 staminibus
1397 2361 1442 2395 10
1469 2372 1502 2395 v.
1529 2359 1758 2407 paucioribus

137 2417 280 2464 liberis;
317 2428 465 2464 quorum
490 2417 672 2453 filamenta
699 2419 1076 2465 subulato-filiformia,
1104 2418 1233 2454 annulo
1259 2418 1456 2466 hypogyno
1483 2418 1698 2465 glanduloso
1724 2430 1757 2454 v.

140 2477 241 2514 disco
267 2476 422 2522 inserta3
450 2476 609 2512 antherae
635 2476 849 2513 biloculares
875 2478 1067 2514 introrsum
1092 2477 1210 2513 medio
1239 2477 1345 2514 dorso
1372 2477 1492 2513 affixae
1517 2477 1757 2525 longitudina-

138 2535 221 2572 liter
247 2535 483 2572 dehiscentes.
539 2535 647 2584 stylis
675 2535 788 2572 tribus
813 2536 908 2573 intus
934 2537 1123 2585 papillosis
1149 2537 1533 2585 recurvo-patentibus.
1590 2537 1757 2573 Germine
