2188 3044
613 197 891 234 MONOGRAPHIA
924 206 1195 235 LEPIGONORUM.
1621 201 1667 236 27

102 299 264 348 praedita.
319 299 479 347 Oapsula
504 299 744 336 minutissima
770 300 931 347 calycem
958 311 1116 347 aequans.
1168 298 1367 335 Pedunculi
1392 299 1542 348 aphylli,
1572 301 1720 348 capsula

103 360 164 395 vix
191 359 298 406 duplo
326 357 519 404 longiores.
573 358 722 405 Stipulae
748 359 886 395 breves.
939 358 1059 394 Radix
1081 358 1198 394 tenuis
1226 370 1353 394 annua.

257 426 486 474 Speryularz'a
512 427 621 461 rubra
648 425 676 469 β
705 427 905 474 leiosperma
944 426 1058 462 Fenzl
1092 427 1131 461 in
1158 427 1210 462 hb.
1236 427 1332 462 IlIus.
1360 428 1474 462 Ber-ol.
1513 427 1718 472 (Lehmann

102 485 180 522 Rel.
213 486 357 530 botan.).

255 552 485 600 Sperfflclaria
511 551 706 599 salsuyz'nea
732 550 761 593 β
789 552 989 599 leiosperma
1021 552 1166 599 Bunge,
1208 553 1364 589 Limzoea
1400 553 1515 596 VIII,
1555 556 1629 591 155
1655 569 1715 592 sec.

101 612 220 659 Walp.
248 612 337 660 Rep.
364 612 401 653 I,
429 611 487 646 83.

254 679 341 716 Icon
366 682 490 714 nostra
517 678 587 713 tab.
615 677 665 722 H,
693 677 715 712 f.
746 678 802 712 12.

254 751 343 786 Eoes.
371 749 525 797 Schimp.
553 750 588 784 ic.
615 749 737 796 Abyss.
764 756 838 785 sect.
865 749 949 785 2.·ἄο
976 748 1074 785 1089
1102 748 1374 799 ('⁷Spergularia
1400 752 1556 801 rubra⁷').

252 827 346 863 Hab.
374 827 411 863 in
443 826 579 874 campis
621 824 727 861 siccis
760 826 896 874 Africoe
933 826 1049 862 rarius
1090 839 1122 862 v.
1152 838 1180 862 c.
1208 827 1244 862 in
1269 826 1467 875 Abyssinia
1508 829 1554 865 ad
1594 831 1719 868 Debra

101 886 194 923 Eski
223 886 420 936 (Sclzimper
437 885 537 921 1850
563 886 602 920 in
630 885 680 920 hb.
708 884 944 920 Levnormand
969 892 998 921 et
1024 885 1118 921 filus.
1146 886 1285 936 Berol.)‚
1313 887 1360 922 ad
1377 886 1518 924 Adoaln
1547 889 1715 939 (Schimp.

101 947 137 982 z‘t.
165 947 216 981 ab.
239 953 313 981 sect.
341 944 457 994 Σιᾱιι),
491 944 526 980 in
554 944 719 991 AEgypto
759 943 913 989 (Olivz'er
938 945 976 981 in
1003 946 1053 980 hb.
1081 945 1175 981 Mus.
1204 946 1351 996 Berol.)‚
1394 948 1490 983 Asioe
1516 949 1717 997 meridien,

101 1018 134 1041 v.
163 1017 191 1041 c.
220 1005 267 1040 ad
292 1005 397 1040 Novo
423 1002 715 1039 Alexandrowsk
741 1002 778 1038 in
805 1002 947 1039 deserto
975 1003 1148 1040 Uralensi
1183 1004 1243 1055 (A.
1272 1006 1399 1053 Bzmye
1422 1006 1459 1041 in
1487 1008 1538 1043 hb.
1565 1008 1718 1059 Remu),

101 1065 137 1100 in
165 1064 301 1100 Arabia
329 1067 466 1110 petraea
495 1062 624 1112 (Boiss.
646 1062 685 1097 in
712 1062 763 1097 hb.
792 1062 918 1112 Fries).

251 1131 377 1167 Herba
403 1131 594 1167 lutescens.
637 1128 771 1176 Sepala
789 1128 886 1165 haud
911 1131 1099 1167 maculata.
1144 1131 1274 1167 Petala
1291 1131 1445 1180 lilacina,
1471 1134 1575 1170 basin
1593 1147 1718 1173 versus

100 1189 290 1238 pallidiora
330 1190 373 1240 (v.
400 1191 474 1226 sico.
500 1190 579 1238 sp).

252 1258 344 1294 Haec
371 1257 512 1304 species
540 1256 704 1293 omnibus
730 1267 836 1303 poene
861 1256 1023 1304 partibus
1042 1268 1121 1293 cum
1139 1257 1320 1306 Lepiqono
1338 1260 1530 1308 salsuyineo
1558 1261 1717 1310 (Bunge)

102 1318 283 1363 convenit,
326 1317 391 1353 sed
420 1316 615 1353 seminibus
640 1316 791 1351 laevibus
820 1319 855 1351 et
881 1315 1028 1351 floribus
1055 1317 1250 1353 minoribus
1280 1317 1469 1366 discrepat.
1525 1319 1641 1365 Quam
1667 1326 1720 1358 ta-

99 1389 180 1413 men
205 1381 328 1413 notam
360 1376 438 1422 ejus
471 1375 641 1410 momenti
676 1375 849 1411 habemus
889 1379 927 1410 ut
960 1386 1032 1411 non
1067 1375 1262 1422 possimus,
1306 1377 1389 1423 quin
1427 1378 1520 1415 hanc
1560 1381 1718 1427 speciem

101 1436 251 1472 seorsim
278 1446 530 1482 proponamus.
598 1434 638 1471 si
677 1434 793 1470 denuo
825 1434 862 1470 in
889 1437 984 1470 statu
1009 1434 1092 1470 vivo
1121 1435 1324 1471 examinata
1356 1436 1439 1483 erit,
1480 1438 1602 1474 forsan
1639 1440 1719 1486 quis

99 1499 204 1531 notas
230 1495 351 1542 plures
378 1493 542 1529 inveniet.
609 1493 776 1529 Nondum
814 1494 907 1529 enim
947 1497 1102 1540 constat,
1143 1494 1276 1531 formas
1315 1496 1439 1532 ambas
1481 1497 1608 1534 eodem
1638 1498 1716 1535 1000

100 1565 296 1600 occurrere,
323 1564 389 1589 nec
413 1552 601 1588 transitum
627 1552 836 1588 invenimus.

484 1665 540 1698 11.
593 1662 816 1699 LEPIGONUM
846 1662 1161 1699 LOEBMANNIANUM
1199 1663 1339 1710 Lange.

252 1741 397 1778 Semina
426 1739 814 1787 obovato-pyrifol'mia.
880 1738 1041 1786 Capsula
1069 1741 1231 1788 calycem
1257 1753 1383 1789 parum
1411 1752 1594 1789 superans.
1647 1744 1715 1781 Pe-

99 1800 242 1837 dunculi
267 1801 343 1836 fere
370 1811 493 1836 omncs
521 1799 616 1835 foliis
644 1798 812 1842 destituti,
841 1799 992 1846 capsula
1017 1799 1123 1847 triplo
1141 1812 1173 1835 v.
1194 1800 1391 1848 quadruplo
1409 1801 1603 1848 longiores.
1648 1803 1715 1840 Sti-

98 1860 192 1907 pulae
218 1860 439 1896 lanceolatae.
492 1858 611 1894 Radix
639 1858 881 1894 crassiuscula
907 1869 1034 1893 annua.

250 1937 472 1985 Lepiyonum
495 1936 742 1984 ylamluloszmz
768 1935 906 1972 Liebm.
934 1936 1007 1971 ind.
1031 1949 1112 1971 sem.
1136 1936 1222 1971 hort.
1251 1937 1381 1973 IIazm.
1409 1938 1517 1974 1853.

253 2005 470 2053 Lepiyonum
490 2004 813 2040 Lz'ebmmmiammn
838 2003 968 2051 Lange
995 2004 1141 2052 append.
1163 2004 1211 2039 ad
1226 2005 1299 2040 incl.
1319 2018 1398 2041 sem.
1417 2007 1449 2041 h.
1464 2006 1592 2042 Haun.
1608 2006 1714 2042 1859.

251 2072 337 2107 Ιεοπ
371 2072 478 2108 nulla.

249 2131 343 2167 Hab.
370 2131 407 2167 111
433 2132 600 2168 Ameriam
627 2131 851 2168 meridionali
884 2130 931 2167 ad
956 2131 1192 2179 Valparaiso:
1231 2133 1275 2167 F.
1303 2132 1533 2172 Didrichsem
1573 2132 1632 2179 qui
1660 2144 1714 2168 se—

98 2191 194 2226 mina
219 2190 319 2236 legit.

249 2253 368 2289 Radix
396 2255 637 2291 crassiuseula
662 2257 737 2291 fere
765 2256 918 2303 simplex
945 2267 1073 2292 annua.
1128 2255 1260 2292 Caules
1286 2255 1453 2299 humiles,
1495 2256 1651 2302 graciles
1680 2260 1714 2292 et

100 2312 247 2355 debiles,
275 2313 395 2357 erecti,
423 2317 555 2349 teretes
577 2314 980 2362 glanduloso—puberuli.
1021 2315 1127 2350 Folia
1146 2314 1404 2360 angustissima
1422 2314 1548 2349 teretia
1571 2315 1713 2351 lineari-

98 2372 279 2408 tiliformia
306 2372 472 2407 subulata
498 2377 705 2409 mucronata
731 2374 884 2410 virentia
911 2373 1126 2420 glandulosa
1158 2372 1367 2409 internodiis
1406 2373 1578 2419 longiora.
1645 2373 1713 2411 sti-

98 2431 193 2478 pulae
220 2442 344 2477 parvae
371 2430 583 2466 lanceolatae
610 2433 828 2469 acutissimae
854 2433 1008 2480 integrae
1039 2432 1170 2468 nitidae.
1235 2432 1434 2467 Pedunculi
1466 2431 1612 2468 floriferi
1638 2434 1713 2470 fere

99 2502 223 2526 omnes
250 2489 344 2525 foliis
373 2488 546 2535 destituti,
576 2488 717 2526 demum
742 2492 891 2539 capsula
916 2492 1023 2539 triplo
1050 2504 1082 2527 v.
1111 2490 1306 2538 quadruplo
1333 2491 1526 2537 longiores.
1581 2491 1714 2539 Sepala

100 2553 208 2585 ovata
235 2550 374 2594 obtusa,
402 2548 566 2594 margine
586 2548 756 2585 scariosa.
803 2550 932 2586 Petala
958 2551 1092 2586 minuta
1120 2554 1225 2586 ovata
1252 2551 1388 2595 obtusa,
1418 2549 1540 2597 calyce
1569 2550 1713 2588 dimidio
