2188 3044
281 440 543 499 REGIA
583 441 970 503 SOOIETAS
1011 443 1580 505 SOIENTIARUM

656 526 1206 587 UPSALIENSIS.

827 635 1033 659 MDCCCLXIH.

631 940 878 986 PRAESES
930 940 1238 988 ILLIJSTRIS

479 1045 811 1083 SERENISSIMUS
839 1046 1059 1084 PRINCEPS
1088 1048 1142 1085 Ae
1170 1048 1378 1086 DOMINUS

448 1131 755 1184 OSGAR
808 1132 1418 1186 PREDERIGUS

489 1219 632 1243 SVECIAE
651 1219 693 1244 ET
712 1219 914 1244 NORVEGIAE
936 1219 1099 1244 PRINCEPS
1117 1220 1375 1247 HEREDITARIUS

753 1278 1020 1303 OSTROGOTHIAE
1039 1278 1118 1303 DUX.

449 1412 709 1459 MEMBRUM
740 1412 1086 1459 HONORARIUM
1123 1413 1422 1460 PRIMARIUM

523 1517 824 1553 SERENISSIAMUS
851 1517 1055 1542 PRINCEPS
1082 1517 1134 1541 AC
1158 1517 1347 1543 DOMINUS

582 1592 907 1626 NIGOLAUS
941 1592 1281 1626 AUGUS'I'US

988 1662 1069 1679 NCEPS
1087 1662 1282 1679 HEREDITARIUS

664 1930 880 1964 fflemhra
909 1931 1208 1966 Honorem-ia.

130 2012 331 2051 TROLLE
359 2012 767 2054 WACHTMEISTER
799 2015 918 2064 (Hans
946 2016 1126 2067 Gabriel),
1156 2017 1303 2063 Comes,
1332 2028 1352 2053 e
1378 2015 1498 2064 Regni
1526 2015 1740 2054 Proceribus

230 2085 334 2120 unus,
375 2073 542 2111 Justitiae
583 2075 761 2122 quondam
800 2075 1062 2123 Caneellarius,
1103 2076 1299 2123 Regiorum
1339 2074 1512 2112 Ordinum
1551 2076 1673 2124 Eques
1706 2080 1742 2113 et

233 2130 519 2169 Commendator.

129 2189 251 2226 IHRE
279 2190 462 2240 (Albertus
486 2192 654 2244 ssavus),
681 2193 761 2230 Lib.
789 2193 899 2242 Baro,
928 2207 948 2231 e
974 2193 1094 2242 Regni
1120 2193 1335 2230 Proeeribus
1352 2203 1458 2239 1111118,
1477 2191 1609 2229 Rerum
1627 2197 1741 2230 exter-

233 2261 357 2285 narum
395 2262 425 2286 a.
453 2251 485 2286 h.
513 2251 676 2289 Minister
715 2253 837 2290 Status
877 2264 1078 2301 supremus,
1116 2252 1314 2299 Regiorum
1353 2250 1527 2288 Ordinum
1557 2251 1680 2298 Eques
1708 2256 1743 2288 et

233 2307 518 2356 CommencIator,
545 2311 663 2359 Regg.
692 2311 803 2349 Ordd.
832 2312 877 2348 de
903 2312 938 2349 S.
966 2311 1083 2349 Olavo
1111 2315 1146 2347 et
1172 2310 1216 2346 de
1233 2310 1442 2356 Danebrog.
1462 2321 1541 2345 eum
1558 2310 1741 2357 grandiori

233 2366 361 2403 Crucis
386 2368 521 2416 insigni
548 2369 832 2417 Commendator‚
862 2374 928 2407 etc.

132 2414 388 2463 FAHRAEUS
416 2426 568 2476 (Olavus
593 2428 821 2479 immanuel),
849 2429 970 2466 Status
998 2442 1029 2465 a.
1056 2429 1089 2466 h.
1118 2427 1372 2475 Consiliarius,
1397 2427 1649 2463 Praefecturae
1668 2427 1742 2464 Gro-

232 2485 486 2532 thobmgensis
526 2490 561 2522 et
592 2487 773 2523 Bahusiae
805 2487 1043 2535 Gubernator,
1070 2487 1161 2535 Reg.
1192 2486 1278 2525 Ord.
1306 2486 1351 2523 de
1378 2485 1491 2524 Stella
1515 2486 1638 2523 Polari
1664 2498 1743 2524 cum

234 2543 418 2591 grandiori
445 2544 572 2582 Crucis
597 2545 731 2593 insigni
761 2546 1044 2584 Commendator.
