2188 3044
470 202 517 237 30
1040 195 1086 231 N.
1121 193 1162 231 O.
1195 194 1414 240 KINDBERG,

577 299 697 336 Radix
724 296 961 339 crassissima,
988 295 1134 343 lignosa
1161 294 1340 342 perennis.
1405 292 1538 330 Caules
1570 292 1675 329 valde
1710 292 1903 339 aggregati
1928 290 2039 328 humi-

424 361 534 397 liores
562 357 813 395 decumbentes
840 367 873 391 v.
902 354 1097 400 suberecti,
1131 354 1234 401 apice
1260 356 1442 399 nutantes,
1472 353 1571 388 initio
1602 352 1730 388 leviter
1757 351 1953 399 compressi
1980 350 2040 386 dc-

426 431 519 456 mum
547 415 803 465 quadranguli,
832 413 1201 461 glanduloso-viscosi
1227 425 1259 448 v.
1287 412 1569 459 glabrescentes.
1634 412 1741 448 Folia
1768 422 1896 447 crassa
1923 410 2040 446 subte-

425 479 516 515 retia
540 475 690 512 linearia
713 472 944 517 acutiuscula,
970 472 1148 508 interdum
1166 475 1383 516 mucronata,
1402 470 1485 506 laete
1503 470 1663 516 virentia,
1682 471 1757 506 fere
1777 468 2042 518 glabresccntia

424 536 562 581 brevia,
590 534 760 570 inferiora
785 537 906 568 tamen
932 531 1143 567 internodiis
1169 530 1276 566 valde
1304 529 1561 578 approximatis
1587 529 1761 576 longiora.
1815 529 1965 576 Stipulae
1990 527 2042 563 la-

424 596 582 639 tissimae,
611 594 683 629 late
710 595 828 628 ovatae
852 591 969 627 subito
996 591 1153 627 breviter
1178 590 1391 626 acuminatae
1416 601 1450 624 v.
1479 592 1593 624 acutae
1620 588 1772 634 integrae
1798 587 1930 623 nitidae.
1973 586 2043 622 Pe—

425 653 567 690 dunculi
593 652 740 688 floriferi
766 651 861 687 foliis
889 649 1062 696 destituti,
1103 650 1253 697 capsula
1282 650 1358 684 fere
1393 647 1500 695 duplo
1533 660 1566 682 v.
1593 646 1770 683 interdum
1796 646 1902 694 triplo
1927 645 2043 692 longi-

426 725 517 749 ores.
572 710 706 758 Sepala
730 709 1014 756 ovato-oblonga
1041 708 1278 752 acutiuscula,
1319 707 1482 754 margine
1521 718 1647 754 parum
1680 707 1849 743 scariosa.
1914 704 2045 741 Petala

423 773 495 808 late
523 774 631 808 ovata
658 770 795 815 obtusa,
827 769 951 816 calyce
977 768 1152 814 breviora,
1183 767 1318 815 pallide
1344 778 1451 803 rosea
1475 779 1509 802 v.
1529 766 1650 802 albida
1669 766 1771 813 apice
1789 776 1906 801 rosea.
1949 763 2044 811 Cap-

426 832 505 868 sula
536 842 687 876 magna,
727 828 789 864 vix
819 828 935 863 minor
962 839 1068 874 quam
1093 828 1131 863 in
1157 827 1348 874 Lepigono
1384 826 1538 872 marino,
1582 825 1722 861 demum
1754 824 1914 871 calycem
1942 834 2044 858 exce-

426 890 515 926 dens
546 893 654 925 ovata
690 900 723 923 v.
749 888 822 923 late
851 891 957 923 ovata
983 887 1121 923 obtusa.
1189 885 1334 922 Semina
1362 885 1495 931 exigua
1521 885 1627 932 nigra
1653 883 1877 920 tuberculata
1904 882 2047 919 exalata

425 948 771 996 triquetro-obovata
797 946 960 993 margine
989 946 1128 981 elevato
1156 944 1308 992 praedita
1335 946 1378 991 (v.
1405 945 1479 980 sice.
1507 947 1574 993 sp.)

578 1006 669 1043 Haec
703 1005 859 1053 species,
903 1017 983 1052 quae
1014 1005 1138 1041 habitu
1179 1004 1389 1051 Lepiqonum
1420 1004 1602 1039 marinum
1634 1001 1894 1050 quodammodo
1921 1001 2045 1046 refert,

428 1071 483 1104 est
509 1071 629 1102 tamen
654 1065 787 1112 optime
815 1064 999 1110 distincta,
1041 1063 1223 1111 praecipue
1257 1062 1380 1098 radice
1418 1062 1564 1109 lignosa
1603 1066 1639 1098 et
1665 1062 1860 1098 seminibus
1888 1060 2048 1107 exiguis:

426 1127 505 1163 haec
535 1125 666 1161 similia
694 1128 775 1160 sunt
806 1124 867 1169 iis,
908 1123 1036 1170 quibus
1067 1127 1141 1170 Lep.
1169 1123 1317 1157 rubrum
1344 1121 1496 1168 gaudet3
1535 1120 1573 1156 id
1607 1121 1702 1168 quod
1735 1122 1831 1157 clare
1857 1123 2046 1165 monstrat,

429 1185 553 1233 quanti
580 1184 626 1220 sit
652 1187 756 1219 notas
784 1194 828 1218 ex
860 1183 915 1218 his
956 1182 1119 1230 partibus
1150 1181 1273 1229 parvis
1301 1180 1496 1228 capiendas
1522 1191 1594 1216 non
1619 1181 1816 1227 negligere.
1876 1178 2049 1225 Quisquis

428 1246 521 1281 hanc
548 1243 705 1291 speciem
730 1242 842 1279 semel
864 1241 1003 1288 viderit,
1031 1252 1104 1277 non
1121 1240 1252 1288 poterit
1271 1239 1442 1286 dubitare,
1472 1240 1555 1286 quin
1573 1251 1715 1287 semper
1734 1251 1813 1275 eam
1834 1239 2049 1285 distinguat3

428 1308 534 1341 notas
560 1306 680 1338 tamen
709 1305 826 1337 certas
853 1302 987 1337 frustra
1013 1301 1047 1336 in
1078 1300 1158 1336 aliis
1189 1299 1351 1346 partibus
1386 1301 1538 1346 quaeret,
1581 1298 1721 1334 demum
1754 1303 1873 1334 autem
1911 1308 1975 1333 eas
2013 1296 2050 1332 in

430 1362 625 1400 seminibus
651 1360 816 1396 inveniet.
879 1359 989 1396 Haud
1020 1359 1130 1406 igitur
1156 1358 1282 1394 mirum
1308 1357 1487 1403 videatur,
1517 1369 1578 1393 cur
1607 1361 1730 1393 auctor
1754 1357 1860 1404 hujus
1888 1355 2050 1404 opusculi

430 1423 524 1459 serio
552 1419 767 1457 contendere
794 1419 894 1465 velit,
936 1419 997 1454 vix
1029 1419 1139 1454 ullam
1166 1417 1325 1465 speciem
1351 1416 1620 1464 Lepigonorum
1653 1416 1758 1452 nudis
1792 1415 1904 1452 oculis
1945 1413 2049 1465 (tute)

431 1479 721 1528 distinguendam
749 1489 840 1514 esse.
1490 1476 1492 1478 ’

879 1582 934 1616 14.
988 1580 1211 1615 LEPIGONUM
1245 1587 1433 1615 AzonchM
1473 1578 1607 1614 Kindb.

584 1659 728 1696 Semina
765 1657 1111 1705 triquetro-obovata
1143 1656 1270 1692 leviter
1315 1666 1538 1702 compressa,
1578 1654 1741 1701 margine
1782 1654 1921 1690 elevato
1960 1666 2052 1702 prae-

435 1720 517 1755 dita.
572 1717 733 1766 Capsula
760 1718 921 1765 calycem
945 1727 1102 1761 aequans.
1156 1715 1354 1751 Pedunculi
1380 1714 1477 1750 foliis
1505 1713 1673 1759 destituti,
1702 1713 1851 1760 capsula
1877 1713 2053 1749 interdum

434 1778 541 1825 duplo
568 1777 760 1824 longiores.
815 1775 964 1823 stipulae
990 1775 1131 1810 breves.
1184 1774 1304 1810 Radix
1331 1785 1456 1809 crassa
1482 1772 1661 1820 perennis.

586 1855 769 1889 Arenaria
796 1853 1014 1888 macrorlzviza
1040 1851 1140 1887 Hunt
1166 1852 1204 1887 in
1231 1852 1283 1886 hb.
1313 1851 1374 1886 bot.
1402 1863 1464 1885 soc.
1495 1849 1673 1885 Londind

588 1922 797 1969 Lepiyomem
825 1921 999 1956 moricum
1025 1919 1158 1955 Kindb.
1187 1933 1261 1967 syn.
1292 1919 1402 1966 Lapis).
1423 1931 1461 1965 p.
1488 1917 1520 1953 8.

588 1989 675 2025 Ῑσοη
701 1992 824 2024 nostra
851 1992 875 2024 t.
900 1988 952 2033 II,
981 1988 1003 2022 f.
1035 1988 1091 2022 15.

588 2057 682 2093 Hab.
710 2056 747 2091 in
771 2056 861 2091 locis
888 2054 1076 2090 maritimis
1103 2054 1261 2100 Ezwopoe
1288 2051 1454 2087 australis
1482 2050 1607 2095 rarius,
1636 2053 1674 2085 ut
1697 2050 1733 2086 in
1754 2049 1876 2086 Gallia
1895 2049 1941 2085 ad
1959 2049 2055 2086 Mas-

437 2117 555 2154 siliam
583 2115 769 2164 (ιαηρεῖ),
798 2113 979 2160 Hispania
1007 2112 1054 2148 ad
1080 2112 1136 2147 La
1164 2111 1331 2148 Corunna
1360 2109 1539 2159 (LanyeJ),
1580 2109 1715 2158 Africae
1742 2109 1779 2144 in
1806 2108 2055 2155 adiacentibus

436 2176 562 2213 insulis
588 2174 755 2210 Azorizis
784 2173 955 2219 (Grenz'er
981 2172 1018 2207 in
1037 2172 1148 2207 Hert.
1176 2169 1295 2219 Fries)
1323 2182 1354 2205 v.
1375 2181 1403 2205 c.
1432 2169 1482 2206 st.
1501 2168 1657 2204 Michael
1686 2168 1863 2218 (ΗῑιηῐΙ),
1889 2167 1926 2203 in
1944 2179 2055 2215 prom.

439 2236 471 2271 b.
501 2234 579 2281 spei
621 2234 759 2283 (Drbye
785 2233 824 2267 ixn
850 2233 902 2267 hb.
932 2230 1081 2280 Lame),
1123 2231 1220 2265 Asz'ce
1254 2228 1300 2264 ad
1327 2239 1446 2264 arcem
1479 2227 1803 2263 Dardanellensem
1845 2226 2057 2277 (Schwartz,

438 2293 611 2338 centurio,
638 2293 676 2343 ia
705 2292 797 2327 Mus.
826 2291 962 2334 Berol.)

590 2363 681 2401 Haec
716 2363 858 2410 species
900 2373 977 2398 cum
1010 2359 1118 2396 nullis
1157 2359 1238 2395 aliis
1268 2370 1310 2394 ac
1340 2369 1419 2394 cum
1447 2358 1559 2405 Lepiy.
1584 2357 1737 2405 rupesm·
1774 2360 1809 2391 et
1845 2357 1955 2405 Lepiy.
1978 2370 2058 2392 ma-

441 2424 591 2458 erm-hiza
619 2421 864 2458 confundatur.
931 2419 1050 2456 Radix
1085 2422 1202 2454 autem
1243 2417 1393 2453 debilior
1427 2420 1498 2463 est,
1540 2416 1661 2452 caules
1698 2415 1931 2462 complanati,
1972 2415 2058 2451 folia

442 2482 621 2517 crassiora
642 2481 879 2528 complanata,
909 2480 1049 2527 apicem
1066 2489 1193 2517 versus
1211 2476 1349 2521 latiora,
1371 2476 1625 2522 sublingulata,
1647 2475 1791 2519 obtusa3
1820 2474 1961 2522 stipulae
1978 2474 2057 2510 brc-

441 2540 557 2580 viorcs
585 2540 862 2576 subreniformes
891 2537 1146 2575 obtusiusculae
1172 2535 1269 2571 haud
1295 2534 1437 2582 nitidae,
1462 2534 1630 2582 panicula
1657 2544 1755 2580 saepe
1782 2533 1978 2569 divaricata
1998 2543 2057 2580 cy-
