2188 3044
500 189 545 223 10
1074 186 1119 223 N.
1148 185 1190 223 O.
1216 186 1434 234 KJNDBERG,

608 288 709 324 Color
739 288 870 323 herbae.
935 287 1079 324 Formae
1109 287 1298 324 maritimae
1336 288 1544 336 plerumque
1575 287 1777 335 pallescunt
1812 300 1846 324 v.
1873 289 2065 334 livescunt,

451 352 581 384 eeterae
607 346 725 394 potius
752 345 933 382 virescunt
958 359 991 383 v.
1019 347 1165 395 paulum
1190 348 1393 383 rubescunt.

603 422 761 470 Stipulae
787 422 903 459 nitore
930 424 1191 470 quodammodo
1209 427 1406 470 mutantur,
1434 422 1530 471 apud
1548 423 1699 471 speeies,
1728 436 1808 471 quae
1825 424 1944 460 locum
1961 423 2067 460 valde

450 483 584 519 salsum
616 481 816 528 elegerunt,
858 482 1003 519 sordide
1035 483 1128 519 albae
1166 486 1202 519 et
1231 483 1385 530 integrae
1416 482 1521 529 fiunt3
1561 494 1581 518 e
1614 484 1791 520 contrario
1818 483 1951 531 plantae
1981 493 2066 518 vere

450 544 671 588 campestres
698 540 841 588 stipulis
868 553 967 590 saepe
998 542 1146 589 laceris,
1186 542 1293 578 valde
1330 542 1526 579 nitentibus
1566 546 1602 578 et
1633 542 1736 590 quasi
1768 541 1951 589 argenteis
1977 553 2068 589 prae-

449 601 533 636 ditae
569 604 659 636 sunt.

602 670 778 706 Bracteae
803 670 980 707 interdum
1006 671 1043 707 in
1069 671 1157 707 folia
1182 682 1269 707 vera
1294 674 1498 718 transeunt,
1527 671 1607 718 sed,
1635 679 1674 707 ut
1701 683 1810 719 supra
1837 671 2005 718 diximus,
2033 671 2070 708 in

450 730 561 766 ramis
587 733 724 765 tantum
750 729 892 777 infimis,
922 731 955 766 si
981 730 1029 766 ad
1056 731 1198 778 speeies
1224 730 1439 777 respexeris,
1468 742 1548 777 quae
1574 730 1781 767 normaliter
1806 730 2071 768 infloreseentia

449 789 596 837 aphylla
635 788 789 836 praedita
826 793 922 835 sunt,
963 793 1002 825 ut
1033 789 1256 838 Lepiyowum
1288 791 1486 832 marinum,
1526 790 1614 837 Lep.
1648 790 1803 825 salinum
1842 791 2069 839 sperquloides

451 848 578 883 dicam.
624 849 656 884 E
676 849 853 885 contrario
871 848 1049 884 interdum
1076 849 1210 895 evenit,
1238 852 1277 885 ut
1302 848 1583 890 inflorescentia,
1611 848 1707 896 apud
1734 860 1840 895 quam
1868 850 2070 897 saepissime

452 911 488 943 et
513 908 719 944 normaliter
746 919 870 944 omnes
896 908 1089 956 peduneuli
1116 908 1212 944 foliis
1240 911 1322 944 sunt
1347 908 1499 955 fulerati,
1529 920 1666 944 summo
1695 908 1798 956 apiee
1828 909 1975 957 aphylla
1997 909 2070 957 fiat,

452 979 484 1002 v.
510 979 539 1002 e.
566 967 604 1002 in
631 967 718 1015 Lep.
745 968 910 1015 meylem),
950 969 1147 1016 leiospermo
1174 970 1210 1003 et
1236 968 1364 1008 medzb,
1393 968 1527 1014 saepius
1559 971 1680 1003 tamen
1706 968 1743 1003 in
1769 968 1847 1015 illo,
1887 968 2071 1005 rarissime

450 1030 567 1062 autem
594 1026 632 1062 in
657 1026 714 1062 his
741 1027 933 1063 ambobus:
960 1027 998 1062 id
1025 1026 1121 1074 quod
1146 1037 1166 1061 e
1185 1026 1340 1062 statione
1367 1025 1628 1072 quodammodo
1653 1026 1818 1074 pendeat.

601 1095 671 1131 His
699 1095 862 1131 omnibus
888 1095 956 1131 rite
981 1095 1186 1143 perpensis,
1214 1106 1286 1131 non
1311 1098 1432 1142 potest
1457 1094 1550 1141 fieri,
1592 1095 1676 1142 quin
1702 1095 1903 1143 videamus,
1932 1097 2071 1133 semina

449 1158 572 1202 partes
601 1165 698 1201 esse,
741 1166 821 1201 quae
846 1158 952 1190 notas
980 1155 1133 1202 optimas
1161 1154 1209 1191 ad
1236 1154 1377 1202 speeies
1406 1153 1679 1201 distinguendas
1705 1156 1900 1202 praebeant.
1953 1155 2071 1192 Dura-

450 1214 583 1250 tionem
609 1213 743 1249 radicis
769 1214 832 1249 vix
858 1214 1015 1259 variare,
1055 1226 1121 1261 pro
1157 1217 1254 1250 certo
1291 1213 1465 1249 habemus
1504 1213 1608 1249 nobis
1636 1217 1671 1249 et
1703 1214 1784 1250 aliis
1824 1226 1900 1261 prae
1941 1216 2071 1252 ceteris

451 1272 528 1309 Cel.
555 1273 746 1320 Rupreeht,
774 1273 812 1308 in
837 1273 950 1309 hortis
977 1274 1154 1309 botanieis
1182 1272 1278 1320 apud
1305 1273 1446 1320 speeies
1466 1273 1580 1308 eultas
1600 1273 1880 1310 observantibus.
1922 1273 2072 1322 Stipulae

452 1332 543 1368 adeo
571 1332 659 1369 nihil
684 1333 800 1368 forma
826 1333 975 1379 variant,
1003 1336 1042 1368 ut
1068 1332 1175 1368 etiam
1201 1334 1307 1368 notas
1333 1331 1457 1378 magni
1482 1332 1651 1368 momenti
1676 1333 1872 1380 praebeant.
1925 1332 1984 1369 Ad
2009 1333 2071 1370 ha-

450 1391 563 1427 bitum
589 1391 711 1428 herbae
736 1391 860 1437 totius,
902 1403 1008 1438 quam
1034 1390 1244 1438 magnitudo
1277 1391 1506 1438 capsularum
1546 1394 1581 1427 et
1612 1391 1796 1428 crassities
1829 1392 1943 1429 caulis
1979 1393 2072 1429 bene

452 1450 666 1497 exprimunt,
695 1450 825 1486 seriem
850 1450 957 1486 valde
985 1451 1188 1487 continuam
1214 1449 1483 1497 Lepigonorum
1511 1461 1690 1498 exponere
1717 1451 1959 1499 experiamur,
2002 1463 2072 1499 quo

451 1508 652 1556 videamus,
680 1509 804 1546 habitu
831 1510 1053 1557 analogiam,
1081 1520 1153 1545 non
1179 1520 1321 1556 semper
1348 1508 1566 1556 affinitatem,
1596 1510 1747 1557 exprimi
1773 1522 1893 1558 posse,
1922 1522 2028 1558 quum
2052 1523 2072 1547 e

452 1568 630 1604 contrario
657 1568 900 1605 indumentum
927 1570 1103 1606 seminum
1130 1568 1234 1615 quasi
1261 1568 1373 1604 elavis
1404 1568 1596 1615 habeatur,
1638 1581 1709 1616 qua
1735 1570 1893 1606 affinitas
1919 1570 2073 1607 maxime

452 1630 582 1674 potest.
638 1626 706 1664 Cui
730 1628 906 1675 placuerit
931 1630 1065 1665 formas
1092 1628 1129 1664 in
1153 1627 1318 1664 herbario
1346 1639 1410 1663 suo
1439 1627 1486 1663 ad
1515 1627 1787 1675 dispositionem
1819 1629 1913 1665 infra
1954 1628 2075 1666 datam

453 1686 628 1734 ordinare,
654 1687 761 1723 facile
782 1688 980 1735 apparebit,
1007 1698 1292 1734 unamquamque
1319 1687 1477 1734 speeiem
1505 1690 1540 1722 et
1567 1687 1614 1723 ad
1641 1688 1861 1735 superiorem
1888 1691 1923 1724 et
1949 1688 1996 1724 ad
2021 1688 2073 1724 in-

453 1746 620 1782 feriorem
648 1747 850 1794 saepissime
878 1748 1181 1795 appropinquare,
1221 1757 1435 1793 quamquam
1472 1746 1648 1782 interdum
1681 1758 1794 1783 nexus
1822 1751 1877 1783 est
1904 1747 2073 1794 quodam-

453 1806 558 1842 modo
585 1806 812 1853 interruptus.
879 1806 1036 1842 Nimium
1065 1806 1173 1854 spatii
1208 1817 1301 1853 opus
1333 1809 1443 1852 esset,
1486 1805 1517 1841 si
1550 1817 1629 1842 eam
1668 1817 1743 1841 rem
1781 1806 1889 1853 plane
1929 1805 2073 1842 demon-

455 1870 623 1913 strarem3
665 1865 760 1912 quod
797 1877 950 1903 vacuum
986 1866 1149 1902 relictum
1187 1865 1340 1902 forsitan
1379 1864 1572 1912 aliquando
1612 1865 1884 1902 observationes
1924 1865 2073 1902 aliorum

456 1924 631 1972 expleant.

624 2078 694 2121 lV.
752 2078 973 2122 TABULA
1010 2078 1415 2127 LEPIGONORUM,
1460 2076 1791 2118 ANALOGIAM
1828 2077 1905 2118 AD

953 2153 1201 2194 HABITUM
1237 2151 1574 2193 EXPRIMENS.

484 2242 502 2276 1
568 2240 610 2275 L.
638 2240 912 2277 maerotheeum.
1312 2243 1342 2278 7.
1395 2241 1438 2277 L.
1466 2239 1689 2276 fimbriatum.

484 2302 505 2335 2
570 2300 612 2335 L.
640 2299 902 2346 glandulosum.
1311 2302 1342 2336 8.
1396 2299 1438 2335 L.
1466 2299 1783 2347 trachyspermum.

484 2361 505 2395 3
569 2359 611 2394 L.
640 2360 851 2396 arenarium.
1311 2360 1343 2394 9.
1396 2358 1439 2394 L.
1468 2358 1645 2395 eximium.

483 2420 506 2453 4
569 2418 611 2453 L.
639 2419 823 2455 marinum.
1287 2419 1344 2454 10.
1397 2417 1439 2453 L.
1467 2418 1568 2453 laeve.

484 2478 506 2512 5
569 2477 612 2513 L.
642 2477 956 2525 heterospermum.
1287 2479 1343 2512 11.
1396 2476 1439 2512 L.
1466 2475 1736 2512 maerorhizum.

485 2537 505 2570 6
570 2536 612 2572 L.
641 2540 815 2583 rupestre.
1288 2537 1344 2572 12.
1396 2535 1438 2571 L.
1467 2535 1657 2572 azorieum.
