2188 3044
500 192 546 228 36
1066 189 1110 225 N.
1144 188 1185 226 O.
1219 189 1436 236 KnmssnRG,

447 298 562 341 tegrae
588 304 713 340 parum
740 290 871 327 nitidae.
937 289 1137 326 Pedunculi
1161 289 1308 326 floriferi
1335 289 1463 325 summi
1488 288 1585 325 foliis
1618 288 1776 326 destituti
1813 301 1846 325 v.
1873 288 1968 326 foliis
1999 289 2060 325 ab·

449 353 620 389 breviatis
647 350 734 386 fulti.
787 348 917 385 Petala
943 352 1063 394 ovata,
1094 348 1219 385 ⁷'alba''
1261 348 1394 397 (Bartl.
1424 349 1447 384 l.
1475 351 1527 396 c.)
1593 348 1739 386 Semina
1775 349 1883 397 paulo
1922 348 2059 394 majora

449 412 552 459 picea
583 416 628 455 (v.
654 409 728 445 sice.
755 416 832 456 sp).

774 501 1044 551 Lepiyonum
1083 501 1384 550 brevz'folium*
1423 514 1578 550 anceps
1621 501 1731 538 Bartl.

603 575 765 624 Capsula
791 576 952 624 calycem
979 586 1137 622 aequans.
1190 573 1389 610 Pedunculi
1416 574 1565 621 capsula
1593 574 1702 610 multo
1728 573 1922 621 longiores.

603 645 826 693 Lepiyonum
855 657 980 693 anceps
1018 643 1129 679 Bartl.
1158 643 1178 678 l.
1207 656 1233 678 c.

604 713 691 749 Icon
717 716 841 749 nostra
866 712 937 748 tab.
963 711 1031 757 ΠΙ,
1065 711 1087 746 f.
1117 712 1175 746 26.

601 780 691 816 Em.
732 780 811 816 Hb.
839 779 968 815 Preiss.
995 778 1063 815 N:o
1094 780 1201 814 1944.

604 856 698 893 Hab.
726 857 762 893 in
780 856 829 892 N.
845 856 1047 891 Hollandz'a
1073 855 1131 890 ”in
1157 854 1320 891 arenosis
1346 865 1459 902 prope
1482 854 1593 902 praed.
1612 858 1697 891 rust.
1721 854 1775 891 Ol.
1794 853 1896 890 Nash
1923 853 2065 900 (Perth)

453 915 569 951 1839⁷⁷
597 917 647 951 lzb.
676 916 804 951 Preiss.
834 916 855 951 l.
883 928 909 951 c.

605 983 738 1021 Caules
766 983 893 1031 glabri.
946 982 1053 1018 Folia
1078 980 1287 1017 internodiis
1314 980 1421 1028 paulo
1448 981 1623 1016 breviora.
1691 980 1825 1029 Sepala
1863 981 2066 1018 lanceolata

452 1046 564 1077 acuta.
618 1043 748 1079 Petala
775 1043 1057 1088 ovato-oblonga
1083 1041 1191 1077 rubra
1219 1042 1265 1088 (v.
1292 1040 1366 1075 sice.
1393 1040 1467 1087 spi.

605 1109 807 1147 Seminibus
833 1110 981 1145 maturis
1008 1108 1164 1145 nondum
1195 1107 1365 1155 repertis,
1406 1107 1498 1143 hanc
1536 1108 1687 1144 formam
1726 1108 1837 1155 priori
1876 1108 2067 1145 adnectere

450 1173 613 1215 praestat,
642 1174 681 1205 ut
706 1169 792 1205 mihi
817 1169 974 1215 videtm,
1015 1168 1128 1204 facies
1161 1167 1255 1203 enim
1287 1178 1409 1202 earum
1435 1166 1542 1202 valde
1569 1167 1742 1214 congruit.
1796 1166 1981 1204 Observes
2007 1179 2068 1204 ve-

450 1226 526 1273 lim,
555 1239 611 1263 me
637 1240 703 1264 nec
731 1229 820 1265 satis
848 1229 1027 1276 completa
1053 1226 1251 1274 specimina
1277 1225 1422 1272 vidisse,
1450 1237 1517 1261 nec
1543 1237 1619 1262 rem
1645 1230 1684 1262 ut
1711 1230 1844 1263 certam
1871 1227 2068 1274 dijudicare

452 1297 577 1322 ausum
601 1299 691 1324 esse.
747 1288 873 1335 Neque
891 1288 928 1324 in
947 1285 1247 1334 descriptionibus
1275 1297 1297 1321 a
1324 1286 1492 1333 Bartlz'nq
1518 1284 1541 1320 l.
1569 1295 1598 1320 c.
1627 1283 1721 1322 datis
1749 1286 1840 1322 alias
1860 1290 1965 1323 notas
1992 1298 2067 1323 cer-

451 1345 561 1382 tiores
588 1346 716 1383 inveni.

718 1442 992 1491 Lepiyoozum
1033 1438 1346 1488 brevifolium*
1386 1439 1644 1486 Zaoeiflorum
1686 1438 1797 1474 Bartl.

605 1517 765 1565 Capsula
791 1520 926 1555 minuta
953 1518 1114 1566 calycem
1141 1528 1289 1565 aequans
1322 1529 1354 1552 v.
1381 1515 1532 1552 brevior.
1598 1514 1797 1551 Pedunculi
1836 1515 1931 1552 foliis
1972 1516 2066 1563 fulti,

454 1577 602 1624 capsula
629 1589 727 1625 saepe
756 1578 850 1625 8:plo
877 1577 1071 1624 longiores.
1120 1577 1270 1624 Stipulae
1297 1575 1417 1622 magis
1446 1578 1609 1610 exsertae.

606 1654 828 1702 Lepiyonum
855 1654 1055 1701 Zaoezflorum
1081 1653 1250 1689 Barna.
1279 1666 1305 1688 c.

606 1721 694 1757 Ισοη
717 1725 840 1757 nostra
875 1726 897 1757 t.
927 1721 997 1767 m,
1027 1721 1049 1756 f.
1080 1723 1137 1757 25.

605 1789 694 1825 Exs.
721 1788 792 1825 Hb.
821 1790 941 1826 Preiss
967 1789 1035 1826 N:o
1066 1791 1173 1825 1943.

609 1860 703 1896 Hab.
726 1860 763 1896 in
787 1860 836 1896 N.
857 1860 1077 1902 Hollandz'a,
1105 1860 1164 1896 ”in
1190 1858 1604 1907 arenoso-conchyliosis
1636 1858 1791 1896 humidis
1815 1870 1928 1907 prope
1954 1860 2072 1896 lacum

455 1917 581 1953 111quae
606 1918 722 1954 Roten
752 1919 889 1955 1839’':
932 1919 1052 1955 Preiss
1085 1919 1108 1954 l.
1136 1931 1165 1955 c.
1208 1919 1274 1965 (hb.
1302 1918 1456 1959 Sonder,
1503 1918 1599 1954 illus.
1627 1919 1746 1954 Paris.
1788 1925 1818 1954 et
1844 1918 1993 1968 Berol.);
2033 1919 2070 1954 in

455 1976 639 2013 Australia
666 1978 908 2014 meridionali⁷'
939 1978 1000 2025 (R.
1027 1979 1264 2025 Schombmylc
1290 1977 1399 2018 1850,
1426 1977 1465 2012 in
1491 1976 1586 2012 filus.
1614 1977 1724 2027 Bam).

609 2047 644 2082 A
676 2047 855 2095 Lepiyono
894 2047 1065 2095 brevg‘folio
1106 2058 1231 2094 parum
1269 2045 1452 2092 distincta,
1494 2045 1559 2081 sed
1594 2045 1704 2082 habet
1742 2050 1862 2082 tamen
1901 2045 2070 2092 capsulas

458 2108 492 2140 et
520 2105 627 2141 flores
654 2106 763 2142 multo
789 2106 955 2141 minores.
1023 2104 1156 2142 Caules
1195 2105 1444 2153 pubescentes.
1510 2104 1640 2141 Petala
1677 2116 1784 2141 rosea
1819 2104 1966 2153 ”calyce
1997 2104 2072 2140 lon-

458 2164 580 2210 giora’'
611 2164 749 2214 (Bartl.)
817 2164 1036 2212 Specimina,
1078 2165 1114 2200 in
1141 2164 1242 2200 horto
1270 2163 1398 2210 Upsal.
1427 2163 1540 2210 culta⁷
1582 2164 1629 2200 ad
1666 2165 1753 2213 Lep.
1780 2165 1927 2200 rubrum
1965 2162 2071 2198 valde

460 2227 621 2269 spectant
649 2226 694 2270 (v.
721 2237 750 2259 v.
778 2224 856 2259 cult.
885 2231 915 2260 ec
940 2225 1016 2260 sico.
1042 2224 1116 2273 sp).

708 2309 746 2358 b)
773 2309 898 2345 Radix
925 2322 1063 2356 annua,
1092 2309 1209 2345 rarius
1235 2308 1403 2357 perennis
1430 2320 1461 2344 v.
1489 2319 1700 2355 perennans.

907 2413 963 2447 22.
1016 2412 1239 2447 LEPIGONUM
1265 2418 1425 2446 SALmUM
1465 2409 1622 2456 (Presl..

615 2482 759 2519 Semina
788 2483 1149 2519 obovato-rotundata
1171 2482 1299 2518 leviter
1317 2494 1534 2530 compressa,
1563 2481 1726 2530 margine
1753 2482 1891 2519 elevato
1912 2480 2071 2530 praedita.

465 2539 624 2587 Capsula
651 2542 775 2589 calyce
802 2553 901 2589 saepe
928 2541 1036 2589 duplo
1062 2542 1212 2589 longior.
1264 2541 1463 2578 Pedunculi
1489 2541 1585 2578 foliis
1611 2541 1704 2587 fulti,
1746 2541 1873 2577 summi
1899 2540 2074 2577 interdum
