2188 3044
123 258 399 295 BERGFALK
426 258 571 304 (Petrus
598 257 759 307 Ericus),
801 258 878 295 Jur.
905 259 984 296 Utr.
1013 263 1049 295 et
1073 259 1208 296 Philos.
1235 259 1382 305 Doetor,
1421 258 1520 295 <luris
1547 258 1738 294 Professor

222 317 453 364 Upsaliensis
481 317 662 363 emeritus,
690 317 782 365 Reg.
811 317 898 355 Ord.
927 318 970 354 de
998 318 1112 355 Stella
1137 319 1260 355 Polari
1285 319 1418 365 Eques.

121 375 305 412 BERLIN
334 375 521 421 (Nicolaus
559 374 778 424 Johannes),
795 377 904 415 ,Mea
934 381 969 413 et
994 378 1130 414 Philos.
1157 378 1304 424 Doctor,
1347 376 1518 414 Chemiae
1544 376 1737 412 Professor

223 435 446 480 Lundensis,
474 435 593 481 Regg.
623 434 733 472 Ordd.
763 435 807 471 de
841 436 954 473 Stella
984 436 1122 483 Polari,
1156 437 1201 473 de
1233 437 1267 474 S.
1301 436 1426 482 Olavo⁷
1457 436 1500 472 (16
1527 435 1736 480 Danebrog.

227 500 262 531 et
289 495 334 530 (16
361 494 395 531 S.
424 494 635 530 Wladimiro
663 495 700 530 in
728 494 782 531 Cl.
810 494 873 530 IV.
901 495 1034 541 Eques.

121 553 422 590 LINDHAGEN
451 553 562 601 (Dan.
592 552 761 601 Geor-g),
804 553 940 589 Philos.
974 553 1122 600 Doctor,
1152 553 1198 590 ad
1225 553 1316 600 Reg.
1344 553 1577 589 Academiam
1605 551 1736 589 Scient.

222 613 340 649 Holm.
381 611 632 648 Astronomiae
673 613 866 648 Professor
904 612 946 648 E.
976 612 1034 659 O.‚
1063 613 1180 660 Regg.
1210 612 1320 649 Orcld.
1350 612 1394 648 (16
1421 612 1456 649 S.
1486 611 1602 649 Olavo
1631 615 1666 647 et
1694 610 1737 646 (16

222 671 258 708 S.
285 671 496 708 Wladimiro
524 671 561 706 in
588 670 641 708 Cl.
669 671 732 707 IV.
760 671 893 717 Eques.

123 729 470 767 STENHAMMAR
497 729 773 778 (Christianus),
815 730 941 766 Theol.
983 734 1019 766 et
1053 730 1189 766 Philos.
1216 729 1363 774 Doctor,
1391 728 1637 765 Ecclesiarum
1663 729 1737 765 Ha-

222 789 469 825 radshammar
509 793 544 825 et
583 788 767 835 Jonsberg
806 788 938 824 Pastor
979 793 1014 824 et
1040 789 1290 836 Praepositus⁷
1318 787 1409 834 Reg.
1439 787 1523 824 Ord.
1553 789 1597 825 de
1626 788 1739 825 Stella

220 848 344 884 Polari
371 848 656 885 Commendator.
1177 838 1180 846 ¹

119 907 428 944 MESTERTON
456 906 626 953 (Carolus
652 905 870 954 Benedict.)‚
898 907 992 943 Med.
1020 907 1166 953 Doctor,
1196 906 1409 953 Chirurgiae
1428 910 1463 942 et
1481 906 1579 942 Artis
1608 905 1736 942 Obste-

221 966 345 1002 trieiae
371 966 562 1002 Professor
588 965 828 1013 Upsaliensis.

120 1025 365 1062 BOHEMAN
392 1024 560 1071 (Carolus
587 1025 798 1072 Henrieus),
827 1025 1026 1072 Zoologiae
1052 1025 1244 1061 Professor
1270 1024 1506 1069 Holmiensis,
1539 1023 1630 1070 Reg.
1651 1022 1736 1060 Ord.

220 1084 264 1120 de
292 1084 405 1121 Stella
430 1084 553 1120 Polari
579 1084 712 1131 Eques.

119 1143 266 1180 DAUG
294 1144 536 1190 (Hermannus
564 1143 812 1192 Theodorus),
840 1143 976 1180 Philos.
1004 1143 1149 1191 Doctor⁷
1177 1144 1385 1180 Matheseos
1412 1143 1603 1179 Professor
1625 1142 1667 1178 E.
1694 1141 1736 1179 O.

221 1202 462 1250 Upsaliensis.

121 1260 314 1298 STYFFE
343 1261 514 1310 (Carolus
541 1261 759 1310 Gustavus),
798 1261 934 1297 Philos.
961 1261 1108 1307 Doctor‚
1138 1261 1184 1297 ad
1210 1261 1301 1308 Reg.
1329 1260 1564 1297 Academiam
1591 1260 1737 1308 Upsali·

221 1332 343 1356 ensem
368 1321 763 1357 Vicebibliothecarius.

121 1367 329 1416 THALEN
358 1380 510 1430 (Tobias
536 1381 745 1430 Robertus),
773 1380 908 1416 Philos.
936 1379 1083 1426 Doctor,
1111 1379 1288 1427 Physiees
1315 1379 1517 1427 Adjunctus
1544 1378 1737 1426 Upsalien-

221 1439 289 1486 sis⁷
311 1440 398 1488 Ray.
427 1440 606 1476 Societatz's
634 1439 762 1475 Sciant.
797 1439 878 1487 [ἦρε.
905 1439 1204 1475 Bibliothecm'ius.

753 1762 888 1796 Socii
916 1761 1101 1793 Eoeteri.

119 1865 474 1903 KRUKENBERG
501 1866 678 1916 (Petrus)⁷
706 1865 908 1902 Medicinae
935 1865 1127 1901 Professor
1153 1863 1335 1900 Halensis.

119 1925 404 1962 WERLAUFF
433 1925 577 1971 (Ericus
606 1924 832 1973 Christian.),
860 1924 958 1971 Regi
984 1924 1076 1959 Dan.
1097 1935 1119 1959 a
1138 1922 1309 1960 Consiliis
1327 1921 1475 1958 intimis.
1494 1920 1629 1956 Histor.
1649 1919 1737 1955 Pro-

218 1985 335 2020 fessor
361 1984 597 2030 Hauniensis,
625 1984 873 2021 Bibliothecae
899 1983 1040 2031 Regiae
1067 1982 1294 2029 Praefectus,
1322 1981 1412 2018 Recl.
1441 1979 1528 2017 Ord.
1557 1979 1601 2014 de
1626 1978 1738 2015 Stella

218 2043 342 2079 Polari
370 2042 654 2080 Commendator.

121 2100 294 2138 ENCKE
322 2101 419 2147 (Joh.
447 2103 608 2151 Erana),
636 2102 773 2138 Philos.
800 2101 947 2148 Donum,
979 2101 1232 2138 Astronomiae
1258 2100 1450 2136 Professor
1475 2096 1736 2139 Berfflinensis,

221 2160 312 2207 Reg.
351 2161 465 2197 Acad.
507 2161 637 2198 Scient.
679 2161 725 2197 ib.
765 2161 803 2197 in
840 2160 969 2197 Classe
1008 2160 1351 2209 Physieo-Mathem.
1380 2156 1616 2201 Sem-etardus,
1644 2155 1736 2201 Reg.

221 2219 307 2256 Ord.
337 2220 380 2255 (16
408 2220 520 2256 Stella
547 2219 670 2256 Polari
696 2220 830 2266 Eques.

119 2269 294 2315 BCCKH
321 2277 518 2329 (August),
559 2279 690 2316 Graec.
717 2279 802 2315 Litt.
835 2279 1027 2315 Professor
1052 2275 1313 2321 Berolinensis‚
1341 2274 1433 2320 Reg.
1460 2271 1575 2309 Acasl.
1604 2270 1735 2307 Scient.

222 2337 269 2372 ib.
295 2336 333 2372 in
360 2336 489 2373 Classe
515 2338 650 2374 Histor.
679 2338 912 2375 Secretarius.

117 2395 325 2433 ANDRAL
354 2394 414 2444 (Gr.
442 2395 598 2446 Junior),
625 2397 827 2433 Medicinae
852 2397 1044 2433 Professor
1061 2393 1296 2439 Parisiensis‚
1316 2391 1472 2428 Instituti
1489 2389 1605 2426 Paris.
1625 2388 1735 2425 Mem-

221 2455 333 2491 brum.

119 2511 503 2552 POGGENDORFF
532 2512 731 2562 (Johannes
759 2513 983 2562 Christian),
1024 2511 1117 2548 Med.
1146 2514 1182 2547 et
1207 2509 1342 2546 Philos.
1369 2509 1515 2555 Doctor,
1558 2507 1735 2555 Physices

221 2573 414 2609 Professor
439 2571 699 2619 Berolinensis‚
727 2572 818 2619 Reg.
848 2572 933 2609 Ord.
963 2571 1006 2608 de
1034 2570 1147 2608 Stella
1171 2568 1295 2606 Polari
1321 2568 1454 2616 Eques.
