2188 3044
632 189 910 226 MONOGRAPHIA
945 196 1215 225 LEPIGONORUM.
1633 187 1677 222 21

119 293 238 334 rinae,
278 301 346 337 quo
376 288 584 325 varietatem
610 290 707 326 illam
735 289 924 336 significat.
984 290 1185 326 Candollius
1213 289 1319 340 (anno
1348 288 1459 338 1805)
1486 299 1615 324 nomen
1641 288 1731 323 Are-

120 352 243 387 nariae
268 350 490 398 maryinatae
516 350 712 396 proposuit,
741 348 806 384 sed
832 349 869 384 id
894 349 1001 396 plane
1028 349 1295 396 repudiandum,
1323 352 1361 385 ut
1386 360 1457 385 non
1484 352 1613 395 aptum,
1641 357 1731 394 prae-

119 410 241 446 sertim
269 420 373 455 quam
400 418 526 453 margo
554 408 727 443 seminum
754 407 815 442 vix
842 408 1003 444 elevatus
1031 409 1086 444 sit.
1142 409 1409 444 Hlustrissimus
1435 407 1495 443 illc
1523 409 1646 442 auctor
1671 415 1731 440 vo-

119 468 247 504 cabulo
275 466 516 512 '’marginata''
544 466 704 502 indicare
722 466 846 511 voluit,
875 466 1013 502 semina
1031 467 1090 502 ala
1115 467 1262 515 hyalina
1288 478 1430 514 semper
1454 465 1606 513 praedita
1634 474 1731 500 esse:

118 527 213 574 quod
241 526 383 574 quidem
411 525 518 561 etiam
544 525 656 560 fallax
685 529 749 561 est.
814 525 898 572 Ipse
926 526 1019 561 enim
1046 526 1120 562 vidi
1148 526 1285 562 semina
1311 526 1417 573 plane
1445 525 1601 569 exalata,
1639 534 1672 558 v.
1701 533 1730 558 c.

117 586 164 622 ad
190 584 422 631 Malmogiam
454 584 609 621 Sueciae:
650 584 765 619 forma
797 584 941 631 eadem,
984 584 1064 620 aliis
1098 585 1205 620 etiam
1245 584 1335 620 locis
1368 583 1414 619 ad
1440 594 1537 618 mare
1563 581 1731 618 balticum

118 645 323 691 observata,
352 655 431 680 cum
458 644 580 692 Lepzjq.
599 643 809 692 fasciculam
845 643 978 678 Lonnr.
1015 645 1036 679 Z.
1064 657 1090 680 c.
1116 645 1223 691 plane
1251 643 1425 679 convenit.

268 721 450 757 Arenaria
477 721 592 757 media
620 720 724 756 Linn.
751 734 800 769 sp.
820 722 871 769 pl.
903 733 937 768 p.
967 722 1053 766 606,
1096 731 1318 768 synonymon
1344 723 1520 768 praetcrea
1546 718 1653 765 plane
1679 717 1730 752 in-

117 783 267 825 certum,
297 791 363 815 nec
390 780 459 816 huc
485 780 662 827 pertinere
690 779 843 826 videtur,
871 783 910 815 ut
935 780 1122 815 voluerunt
1147 779 1334 824 Wallroth,
1362 779 1420 814 De
1437 777 1620 820 Candolle,
1643 775 1730 811 Per-

119 851 224 885 soon,
245 838 366 884 Koch,
396 839 467 874 alii.
520 839 562 874 In
592 838 690 873 herb.
718 837 831 874 Acad.
860 838 983 874 scient.
1010 838 1213 874 Holmiensi
1240 841 1357 873 exstat
1381 837 1523 884 quidem
1550 835 1731 883 specimen

118 899 176 934 cui
201 898 403 934 Linnaeana
428 909 535 933 manu
561 908 689 933 nomen
716 898 783 933 Ar.
811 898 945 933 mediae
976 897 1209 944 adscriptum,
1251 896 1316 932 sed
1355 897 1423 932 hoc
1465 896 1511 932 ad
1549 895 1635 942 Lep.
1667 907 1729 929 ru—

108 964 226 1006 pestre
252 958 330 993 sine
358 957 464 993 dubio
491 956 660 1004 pertinet:
690 956 849 1003 capsulae
877 960 1011 1002 autem,
1039 960 1078 992 ut
1103 956 1200 992 haud
1226 956 1317 992 bene
1345 955 1513 1000 evolutae,
1556 957 1637 989 sunt
1666 953 1729 988 mi-

115 1028 221 1053 nores
254 1028 358 1063 quam
392 1027 460 1061 eae,
503 1026 592 1062 quas
622 1015 731 1062 vulgo
764 1015 801 1051 111
833 1016 948 1051 forma
974 1017 1110 1063 maiore
1151 1015 1347 1063 (Speryzcla
1373 1014 1516 1049 marina
1542 1012 1729 1058 Veterum)

114 1076 271 1122 viderat,
311 1075 463 1121 ideoque
489 1086 619 1111 nomen
648 1076 695 1110 A.
721 1075 869 1116 mediae,
901 1074 984 1121 quia
1010 1075 1102 1110 inter
1126 1075 1277 1111 formam
1301 1074 1473 1120 majorem
1499 1075 1534 1107 et
1559 1071 1729 1107 minorem

116 1136 245 1185 (Aren.
262 1135 372 1179 rubr.)
399 1135 544 1170 tenebat
569 1133 734 1169 medium.
787 1133 993 1181 Descriptio
1020 1138 1140 1169 tamen
1166 1138 1201 1169 et
1226 1144 1434 1181 synonyma,
1463 1143 1543 1178 quae
1560 1130 1730 1166 Linnaeus

113 1195 151 1230 111
178 1206 231 1242 sp.
258 1194 305 1241 pl.
334 1195 404 1229 606
432 1193 615 1240 proponit,
653 1192 700 1228 ad
732 1192 942 1241 Speryulam
961 1194 1203 1240 pentamlram
1229 1193 1417 1241 pertinent.
1482 1191 1539 1226 Ex
1576 1190 1643 1225 hoc
1677 1189 1729 1224 fa-

115 1253 183 1289 cile
227 1253 487 1299 intelligamus,
533 1252 771 1288 ”Arenariam
809 1252 963 1287 mediam
1006 1251 1076 1287 L.’'
1131 1264 1197 1288 nec
1238 1250 1476 1288 definiendam
1512 1260 1579 1285 nec
1620 1248 1728 1284 citan-

115 1312 197 1348 dam
224 1323 316 1348 esse.

264 1389 359 1425 Huic
387 1389 623 1435 subjungatur
648 1388 763 1424 forma
788 1389 1047 1425 memorabilis:

574 1464 846 1512 Lepiyonzcon
885 1465 1059 1501 dubium
1097 1477 1130 1501 n.
1158 1465 1278 1512 subsp.

266 1532 411 1569 Semina
436 1531 806 1576 rotundato-obovata,
835 1533 997 1579 margine
1027 1533 1165 1568 elevato
1184 1531 1346 1579 praedita.
1390 1530 1550 1578 Capsula
1568 1528 1728 1575 calycem

112 1591 172 1627 vix
199 1591 387 1627 excedens.
441 1590 640 1626 Pedunculi
667 1592 852 1638 capsulam
879 1593 1141 1638 subaequantes.

264 1664 352 1700 Icon
377 1668 501 1700 nostra
527 1665 598 1700 tab.
625 1667 660 1710 1,
694 1664 715 1699 f.
746 1666 779 1700 5.

263 1741 414 1778 Habitat
440 1741 476 1777 in
502 1742 670 1778 America
697 1742 858 1783 australi,
884 1742 922 1778 111
949 1741 1070 1779 Chilo:
1099 1744 1149 1779 hb.
1177 1743 1276 1779 Linlc
1301 1743 1340 1778 in
1366 1742 1460 1778 Mus.
1489 1740 1607 1776 Berol.

266 1818 490 1865 Quamquam
515 1818 678 1865 vidimus,
707 1819 881 1866 quomodo
906 1820 1128 1868 Lepiyomcm
1153 1821 1345 1862 marinum,
1370 1824 1409 1856 ut
1435 1829 1558 1855 omnes
1585 1816 1726 1864 species

113 1878 219 1914 valde
247 1877 456 1924 divulgatae,
484 1878 612 1924 variet,
646 1878 742 1914 haud
768 1882 887 1915 tamen
914 1880 991 1915 sine
1019 1879 1236 1915 dubitatione
1265 1879 1357 1915 hanc
1383 1879 1533 1915 formam
1558 1887 1638 1912 cum
1666 1874 1728 1909 illa

113 1937 234 1984 specie
262 1937 480 1984 conjungere
507 1949 712 1984 possumus,
753 1938 810 1974 cui
841 1950 912 1974 non
939 1942 995 1974 est
1022 1950 1101 1974 cum
1128 1938 1200 1974 alia
1225 1939 1340 1985 major
1371 1937 1537 1973 affinitas.
1603 1934 1724 1978 Notae,

114 1995 241 2042 quibus
267 1995 511 2042 distinguitur,
539 2001 635 2032 sunt:
673 1998 822 2044 capsula
848 1998 962 2034 minor
989 1998 1143 2045 globosa
1169 1998 1330 2045 calycem
1354 1997 1415 2032 vix
1442 1995 1635 2039 excedens,
1664 2004 1726 2040 pa-

113 2054 232 2090 nicula
257 2054 363 2090 valde
394 2054 594 2101 largiflora,
635 2056 795 2103 ramique
828 2058 905 2104 ejus
935 2057 1043 2104 longe
1074 2056 1254 2104 producti,
1295 2055 1486 2104 peduncuh'
1524 2053 1724 2097 breviores,

114 2113 255 2160 stipulae
280 2113 452 2158 minores,
481 2114 567 2149 folia
591 2115 794 2151 internodia
819 2116 928 2163 longe
956 2116 1177 2164 superantia,
1207 2116 1345 2152 semina
1371 2115 1522 2151 obscure
1548 2114 1725 2155 brunnea,

114 2171 218 2207 radix
243 2171 381 2207 tenuior
409 2172 590 2222 (annua?)
618 2173 767 2210 videtur.

267 2239 403 2275 Habitu
427 2240 532 2276 valde
560 2253 582 2277 a
609 2242 695 2290 Lep.
721 2243 861 2278 marino
887 2243 1024 2279 recedit
1063 2245 1108 2290 (v.
1136 2244 1210 2279 sico.
1238 2245 1315 2291 Sp.)-

535 2366 568 2400 5.
620 2366 841 2404 LEPIGONUM
872 2376 1099 2404 FIMBRIATUM
1141 2367 1306 2415 (Salzm.)

269 2439 413 2476 Semina
439 2441 663 2488 complanata
688 2445 892 2491 rotundata,
920 2444 1083 2491 margine
1108 2455 1234 2491 parum
1261 2444 1400 2480 elevato
1426 2441 1587 2491 praedita.
1629 2439 1723 2487 Cap—

116 2498 196 2534 sula
222 2499 347 2546 calyce
372 2500 523 2535 brevior.
576 2499 774 2538 Pedunculi
800 2503 894 2540 foliis
922 2503 1094 2549 destituti,
1123 2503 1271 2550 capsula
1296 2503 1371 2540 fere
1398 2502 1505 2550 duplo
1531 2500 1722 2548 longiores.

116 2556 265 2605 Stipulae
290 2558 364 2594 fere
392 2558 567 2605 oblongae.
620 2558 738 2596 Radix
765 2572 890 2598 crassa
913 2562 1091 2610 peremns.
