2188 3044
504 225 549 260 26
1080 218 1125 254 N.
1155 217 1195 254 O.
1223 218 1441 263 KINDBERG,

605 322 787 360 Arenaria
815 321 1027 368 depauperta
1052 319 1169 355 Naud.
1197 330 1254 365 ap.
1284 318 1338 355 Ol.
1368 318 1469 366 Gay,
1495 319 1538 365 fl.
1565 318 1640 354 chil.
1667 317 1747 354 270
1776 317 1914 368 (1845).

605 396 826 444 Lepiyonum
853 394 1126 442 depauperatum
1153 392 1286 428 Kindb.
1314 406 1388 440 syn.
1417 392 1536 439 Lepiy.
1565 404 1600 439 p.
1630 393 1686 428 11.

604 471 756 509 Habitat
781 471 818 506 in
851 470 952 511 Chae,
979 480 1078 516 prov.
1107 468 1151 504 de
1180 467 1409 515 Concepcion
1438 466 1494 517 (O.
1514 466 1599 515 Gay
1625 468 1664 503 in
1691 469 1741 504 hb.
1770 468 1863 504 Mus.
1891 468 2038 515 Paria).

606 549 726 587 Radix
753 559 879 584 annua.
934 545 1068 583 Caules
1096 545 1207 582 dense
1235 546 1446 592 aggregati,
1474 547 1550 582 fere
1577 545 1706 591 glabri.
1758 546 1864 581 Folia
1891 545 2071 592 angustis-

455 611 546 647 sima
572 609 723 645 linearia
750 607 853 655 quasi
878 616 1043 651 acerosa,
1081 604 1292 640 internodiis
1319 605 1494 652 longiora.
1548 604 1697 651 Stipulae
1725 605 2070 651 ovato-lanceolatae,

455 681 553 717 saepe
584 668 726 716 partitae
766 670 801 702 et
831 665 1039 701 imbricatae.
1105 663 1305 700 Pedunculi
1335 664 1483 701 floriferi
1522 663 1675 712 aphylli,
1715 664 1939 710 longitudine
1966 663 2072 699 valde

454 729 562 775 varii,
602 726 770 775 panicula
803 724 979 761 interdum
1005 723 1184 759 reducitur
1212 727 1246 759 et
1274 723 1578 770 conglomeratur,
1621 734 1689 770 quo
1722 723 1898 758 interdum
1937 724 2070 759 factum

454 793 519 835 est,
547 791 585 824 ut
609 785 800 835 pedunculi
827 784 967 820 steriles
995 783 1065 819 sint
1091 783 1149 818 vel
1169 782 1346 818 deficiant.
1376 784 1420 828 (v.
1441 783 1515 818 sice.
1535 781 1599 831 sp.)
1627 804 1678 808 —
1704 781 1742 818 Si
1768 782 2072 818 inflorescentiam

453 848 607 884 maxime
633 844 853 892 respexeris,
883 843 929 879 ad
956 842 1159 890 opinionem
1192 841 1399 887 adduceris,
1441 842 1592 877 formam
1626 841 1803 888 quandam
1831 842 1912 877 aliis
1940 853 2072 888 conge-

454 907 600 944 neribus
626 905 780 941 maxime
811 902 1036 948 dissimilem,
1078 902 1298 937 Arenariam
1327 901 1570 949 floribundam
1604 900 1720 936 Naud.
1762 900 1822 950 (Ξ
1850 901 2073 949 Lepiyonum

453 966 688 1008 floribundum
714 964 795 1000 nob.
822 963 862 998 in
887 975 962 1010 syn.
989 961 1112 1009 Lepiy.
1138 972 1172 1007 p.
1202 961 1240 1005 5)
1279 971 1344 1007 pro
1371 960 1545 995 varietate
1580 960 1638 995 vel
1663 960 1778 995 forma
1804 960 1908 1006 hujus
1936 959 2072 1007 speciei

453 1025 656 1063 habendam
684 1034 776 1059 esse.
840 1022 1011 1057 Fatemrn·
1051 1023 1185 1064 autem,
1226 1030 1293 1055 nos
1320 1019 1371 1054 nil
1398 1019 1486 1060 certi
1513 1019 1558 1055 de
1584 1019 1735 1054 transitu
1763 1018 1917 1065 quodam
1944 1020 2073 1055 afferre

453 1097 576 1135 posse,
617 1082 817 1131 praesertim
848 1093 954 1128 quum
981 1079 1177 1127 specimina
1203 1078 1330 1114 iterum
1362 1078 1574 1114 recensendi
1613 1081 1648 1114 et
1684 1078 1812 1114 melius
1840 1078 2073 1126 comparandi

455 1157 527 1182 non
550 1143 654 1180 nobis
683 1142 825 1178 occasio
856 1141 912 1187 sit,
941 1140 1024 1187 quia
1050 1140 1087 1175 in
1113 1138 1212 1174 nulla
1238 1138 1310 1174 alia
1336 1138 1546 1174 collectione
1573 1141 1680 1184 atque
1706 1138 1744 1173 in
1770 1138 1935 1174 herbario
1956 1137 2074 1174 Musei

455 1204 571 1241 Paris.
598 1203 665 1238 has
693 1201 833 1249 speeies
858 1198 1107 1236 invenerimus.

608 1275 766 1313 Seorsim
792 1274 901 1321 igitur
926 1272 1175 1320 proponimus:

887 1382 906 1403 ‘³‘
946 1381 1169 1429 Lepiyomcm
1194 1379 1441 1428 floribzmdzmn
1481 1377 1638 1427 (Naud.).

609 1461 754 1499 Semina
779 1458 1152 1496 rotundato-obovata.
1195 1455 1356 1504 Oapsula
1375 1455 1499 1503 calyce
1516 1454 1669 1490 brevior.
1710 1453 1909 1491 Pedunculi
1926 1455 2073 1492 floriferi

457 1522 593 1559 reducti
619 1534 652 1557 v.
679 1520 777 1557 nulli.
831 1518 980 1565 Stipulae
1006 1516 1229 1552 lanceolatae.

609 1598 792 1634 Arenaria
807 1595 1015 1644 floribunda
1040 1592 1157 1629 Naud.
1186 1593 1207 1628 l.
1234 1605 1258 1628 c.
1288 1591 1376 1627 269.

610 1667 831 1715 Lepiyonum
854 1663 1092 1709 flom'bundum
1118 1660 1252 1697 Kindb.
1280 1674 1355 1708 syn.
1383 1659 1506 1708 Lepz'y.
1532 1672 1566 1707 p.
1594 1660 1626 1694 5.

609 1739 696 1774 Icon
729 1737 835 1774 nulla.

608 1806 702 1842 Hab.
729 1805 766 1841 in
791 1804 881 1840 locis
909 1802 1016 1839 siccis
1044 1800 1198 1837 civitatis
1231 1798 1415 1840 Chilensz's,
1454 1810 1487 1833 v.
1516 1808 1545 1832 c.
1572 1796 1609 1832 in
1635 1806 1733 1843 prov.
1763 1793 1981 1841 Coquimbo,
2011 1793 2074 1830 Se-

455 1878 544 1903 rena
571 1865 724 1916 (Claude
755 1864 837 1911 Gay
863 1861 959 1898 1833
986 1862 1025 1896 in
1051 1861 1103 1896 hb.
1131 1859 1226 1895 illus.
1253 1858 1401 1903 Parae).

609 1942 729 1978 Radix
760 1951 878 1976 annua
912 1938 983 1988 (52).
1041 1937 1147 1973 Folia
1174 1934 1430 1982 angustissima
1456 1931 1616 1967 linearia.
1682 1929 1831 1977 Stipulae
1864 1929 2074 1965 sublanceo-

457 2004 541 2039 latae
568 2014 599 2037 v.
622 1999 978 2047 triangulari-ovatae,
1007 1996 1229 2033 acuminatae.
1271 1992 1405 2040 Sepala
1429 1989 1808 2035 lanceolam-oblonga
1835 1988 2072 2034 acutiuscula,

457 2061 620 2108 margine
660 2059 830 2096 scariosa.
896 2056 1027 2093 Petala
1054 2055 1220 2100 oblonga,
1263 2051 1424 2098 calycem
1452 2048 1709 2095 subaequantia,
1751 2048 1844 2083 alba.
1913 2046 2074 2095 Oapsula

456 2133 577 2169 parva,
607 2119 731 2166 calyce
756 2117 897 2153 brevior
924 2115 1090 2161 oblonga.
1145 2111 1290 2149 Semina
1319 2109 1558 2145 minutissima
1587 2106 1952 2143 roumdato-obovata
1990 2117 2073 2142 exa-

455 2182 544 2227 lata,
572 2178 735 2225 margine
762 2176 901 2212 elevato
928 2174 1081 2222 praedita
1113 2171 1159 2222 (v.
1188 2172 1272 2208 sicc.
1301 2168 1380 2218 sp).

609 2245 844 2283 Durationem
870 2242 1003 2278 radicis
1031 2245 1066 2277 et
1091 2240 1333 2276 indumentum
1361 2237 1534 2274 seminum
1560 2233 1656 2269 haud
1689 2237 1786 2269 certo
1823 2233 1952 2269 afferre
1991 2243 2073 2279 pos-

458 2318 597 2354 sumus,
638 2316 747 2353 quare
775 2302 1011 2339 differentiam
1037 2301 1142 2347 hujus
1171 2298 1305 2346 speciei
1331 2308 1401 2333 non
1427 2297 1654 2342 perspectam
1680 2292 1869 2339 habemus,
1912 2291 1977 2328 sed
2017 2302 2073 2327 co-

458 2367 583 2414 gimur,
610 2368 649 2401 ut
675 2375 749 2399 rem
777 2362 858 2398 aliis
884 2359 1173 2408 perspiciendam
1199 2357 1449 2404 relinquamus.

769 2485 826 2520 10.
878 2483 1101 2519 Lepreonnn
1131 2484 1418 2516 MIGROSPERMUM
1457 2474 1606 2520 Kindb.,
1641 2486 1674 2509 n.
1704 2485 1756 2521 sp.

607 2562 752 2599 Semina
785 2560 956 2607 triquetra
994 2557 1204 2607 pyriformia
1244 2567 1278 2591 v.
1310 2551 1695 2596 rotundato-obovata,
1734 2547 1897 2594 margine
1925 2545 2064 2581 elevato
