2188 3044
214 251 409 296 Tribunus,
437 250 528 297 Reg.
557 249 642 287 Ord.
677 250 721 286 de
749 250 860 288 Stella
886 250 1010 287 Polari
1028 251 1164 298 Eques,
1183 251 1301 298 Regg.
1321 250 1432 288 Ordd.
1452 250 1496 287 de
1514 250 1628 288 Wasa
1646 262 1724 288 cum

212 310 396 356 grandiori
436 309 562 345 Crucis
603 309 736 356 insigni
775 313 810 345 et
834 309 878 345 de
905 309 941 346 S.
971 309 1087 347 Olavo
1115 309 1398 356 commendator,
1424 309 1468 345 de
1495 309 1530 347 S.
1557 309 1663 346 Anna
1687 311 1724 346 in

215 368 268 405 Ol.
296 369 340 404 H.
368 369 507 415 Eques,
536 372 602 404 etc.

113 427 298 464 WREDE
328 427 481 477 (Fabiau
508 426 698 476 JacObUS),
726 428 806 464 Lib.
833 428 945 474 Baro,
973 427 1041 463 Rei
1073 426 1343 463 Tormentariae
1369 428 1577 464 Praefectus
1605 427 1724 464 Gene-

212 487 314 532 ralis,
354 486 472 533 Regg.
515 485 624 522 Ordd.
659 486 904 522 Ensiferorum
932 490 967 521 et
993 485 1037 521 de
1065 485 1100 523 S.
1129 485 1244 522 Olavo
1273 497 1350 521 cum
1387 486 1569 533 grandiori
1597 486 1723 524 Crucis

212 545 346 592 insigni
371 556 437 581 nec
464 556 534 581 nou
561 544 734 592 Legionis
761 544 916 581 Honoris
943 543 1228 589 Gommeudator,
1255 548 1319 580 etc.

653 796 871 830 ,Membra
899 796 1182 829 Ordinem-ia.

111 906 254 943 FRIES
282 905 428 956 (Elias),
469 905 603 942 Philos.
637 906 784 952 Doetor,
813 906 1006 942 Botauices
1034 910 1069 943 et
1093 907 1335 951 Oeeouomiae
1361 908 1552 944 Professor
1577 907 1723 955 Upsali-

213 966 308 1001 ensis
337 965 519 1010 emeritus,
546 965 764 1001 Academiae
792 964 978 1002 Svecanae
1003 964 1276 1014 Octodecimvir,
1297 967 1383 1016 Ray.
1404 967 1579 1004 societatis
1599 967 1724 1004 Sciant.

218 1024 299 1072 Ups.
338 1025 565 1070 Secretarivs,
598 1024 716 1071 Regg.
746 1023 856 1060 Ordd.
886 1024 930 1061 de
957 1024 1071 1062 Stella
1097 1026 1220 1062 Polari
1249 1030 1284 1062 et
1311 1026 1355 1062 (16
1381 1026 1589 1074 Danebrog.
1619 1026 1722 1063 Com-

210 1083 405 1119 mendator.

108 1141 424 1179 HEDENBORG
451 1141 682 1193 (Johaunes),
710 1141 804 1177 Med.
831 1142 968 1179 Doctor
994 1146 1030 1179 et
1054 1143 1256 1190 Professor,
1277 1144 1395 1192 Regg.
1416 1144 1527 1182 Ordd.
1548 1144 1591 1180 de
1611 1143 1724 1180 Stella

211 1201 334 1237 Polari
362 1205 397 1237 et
425 1201 469 1237 de
495 1201 610 1238 Wasa
635 1201 768 1248 Eques.

110 1259 321 1297 NILSSON
349 1260 515 1310 (Sveno),
543 1260 678 1296 Philos.
705 1259 851 1304 Doctor,
878 1259 973 1295 Hist.
1000 1260 1082 1296 Nat.
1110 1261 1302 1299 Professor
1318 1262 1523 1298 Lundensis
1543 1262 1723 1303 emeritus,

211 1319 330 1366 Regg.
359 1319 469 1356 Ordd.
498 1319 542 1355 de
570 1318 683 1355 Stella
708 1317 833 1354 Polari
859 1322 895 1354 et
913 1318 958 1355 de
974 1318 1182 1368 Danebrog.
1212 1320 1498 1367 Commendator,
1526 1321 1724 1357 Membrum

213 1378 258 1414 de
280 1378 405 1415 Wasa.

112 1436 543 1474 GYLLENSTJERNA
571 1436 664 1486 (Nic.
694 1435 928 1485 Christoph.),
956 1437 1036 1473 Lib.
1056 1437 1166 1484 Baro,
1188 1437 1437 1476 Gubieularius
1459 1439 1612 1486 Regius,
1633 1439 1723 1486 Reg.

213 1495 299 1533 Ord.
327 1497 524 1532 Ensiferor.
551 1495 684 1542 Eques.

111 1554 388 1592 TORNBERG
415 1553 583 1605 (Carolus
610 1553 825 1604 Johaunes),
866 1554 1002 1591 Philos.
1029 1554 1174 1602 Doctor,
1202 1556 1278 1592 LL.
1305 1555 1383 1594 OO.
1412 1557 1602 1593 Professor
1629 1557 1723 1594 131111-

213 1613 351 1660 densis,
379 1613 471 1660 Reg.
500 1612 586 1649 Ord.
615 1612 659 1648 (16
687 1612 800 1649 Stella
825 1613 949 1649 Polari
974 1614 1107 1661 Eques.

111 1672 380 1709 SVANBERG
408 1672 639 1722 (Gustavus),
668 1671 802 1708 Philos.
832 1672 978 1718 Doctor,
1006 1673 1257 1710 Astronomiae
1275 1674 1466 1711 Professor
1483 1675 1723 1723 Upsaliensis‚

211 1730 302 1778 Reg.
333 1731 418 1768 Ord.
447 1731 491 1767 de
519 1731 632 1768 Stella
657 1731 781 1766 Polari
806 1731 939 1778 Eques.

110 1777 385 1827 MALMSTEN
413 1789 583 1836 (Carolus
610 1789 828 1837 johannes),
856 1791 991 1827 Philos.
1019 1791 1166 1836 Doctor,
1192 1803 1223 1827 a.
1242 1791 1275 1826 h.
1301 1791 1508 1830 Matheseos
1535 1794 1725 1830 Professor

211 1849 454 1896 Upsaliensis,
495 1847 731 1885 Consiliarius
769 1848 907 1895 Status,
947 1850 1065 1897 Regg.
1107 1848 1218 1886 Ordd.
1259 1850 1304 1886 de
1332 1850 1444 1888 Stella
1468 1852 1592 1889 Polari
1619 1857 1654 1889 et
1681 1853 1724 1889 de

210 1908 419 1955 Danebrog.
449 1907 734 1944 Commendator.

110 1967 377 2003 SELANDER
405 1966 591 2016 (Nicolaus
618 1967 768 2016 Haqu.),
797 1967 931 2003 Philos.
959 1967 1106 2014 Doctor,
1134 1967 1225 2015 Reg.
1249 1968 1470 2006 Academiae
1489 1970 1618 2007 Scient.
1637 1971 1724 2007 Hol-

210 2027 358 2063 mieusis
397 2025 634 2062 Astronomus
667 2030 703 2061 et
734 2026 934 2073 Professor,
974 2026 1093 2073 Regg.
1122 2025 1233 2063 Ordd.
1262 2027 1305 2063 de
1333 2027 1447 2064 Stella
1471 2029 1593 2065 Polari
1621 2033 1655 2065 et
1681 2029 1724 2065 de

211 2085 246 2122 S.
273 2085 379 2121 Anna
404 2085 441 2120 iu
469 2083 522 2120 Ol.
549 2084 594 2120 Π.
622 2085 754 2132 Eques.

110 2135 358 2181 BJORLING
386 2144 598 2191 (Immauuel
624 2143 769 2193 Gabia),
797 2145 932 2181 Philos.
959 2144 1106 2191 Doctor,
1136 2145 1184 2181 ad
1211 2145 1378 2182 Scholam
1395 2145 1629 2182 Arosiensem
1646 2146 1722 2182 Ma-

211 2202 356 2239 theseos
383 2203 524 2248 Lector,
551 2203 643 2249 Reg.
673 2202 758 2240 Ord.
788 2204 831 2239 de
860 2203 972 2240 Stella
997 2203 1121 2240 Polari
1152 2204 1286 2251 Eques.

111 2260 428 2298 SUNDEWALL
458 2261 718 2312 (Fredffl-ieus),
759 2263 852 2299 Med.
879 2263 1026 2308 Doctor,
1053 2262 1266 2298 Anatomiae
1291 2265 1326 2298 et
1351 2262 1609 2309 Pliysiologiae
1635 2263 1723 2299 Pro-

214 2320 330 2355 fessor
356 2319 600 2366 Upsaliensis,
641 2321 728 2369 Rey.
757 2322 935 2358 societatis
967 2321 1094 2357 Sciant.
1129 2321 1209 2369 Ups.
1242 2321 1418 2365 Quaestor,
1445 2320 1536 2367 Reg.
1565 2321 1650 2358 Ord.
1680 2321 1724 2358 de

211 2378 325 2415 Stella
350 2377 474 2413 Polari
499 2378 631 2424 Eques.

113 2436 244 2473 GLAS
272 2436 455 2482 (Olavusx,
482 2437 576 2472 Med.
603 2437 748 2484 Doctor,
780 2438 981 2474 Medicinae
1008 2437 1244 2474 Theoreticae
1267 2442 1302 2474 et
1320 2437 1508 2474 Practicae
1534 2437 1724 2474 Professor

210 2495 457 2543 Upsaliensis,
485 2494 577 2541 Reg.
607 2495 692 2532 Ord.
721 2496 765 2532 de
793 2497 907 2534 Stella
931 2496 1053 2532 Polari
1079 2496 1211 2542 Eques.

110 2553 401 2591 WAHLBERG
429 2554 571 2603 (Petrus
598 2553 847 2605 Fredericus),
888 2555 981 2591 Med.
1015 2559 1050 2591 et
1082 2554 1216 2591 Philos.
1245 2554 1391 2600 Doctor,
1419 2553 1609 2591 Professor
1635 2555 1723 2591 Hol-
