2188 3044
640 197 919 234 MONOGRAPHIA
950 204 1222 233 LEPIGONORUM.
1653 195 1696 228 11

138 304 193 339 13.
246 302 288 338 L.
317 301 479 338 salinum.
961 299 1019 334 20.
1072 297 1115 333 L.
1142 296 1377 334 brevifolium.

137 364 191 397 14.
244 361 287 397 L.
314 361 576 407 leiospermum.
962 358 1020 393 21.
1072 356 1116 392 L.
1144 356 1434 404 depauperatum.

137 422 193 456 15.
246 420 290 456 L.
317 419 482 455 medium.
963 418 1021 452 22.
1074 416 1117 451 L.
1145 416 1402 463 salsugineum.

138 482 194 516 16.
248 479 290 514 L.
317 479 472 514 rubrum.
963 477 1020 511 23.
1074 475 1116 510 L.
1144 474 1446 521 microspermum.

139 541 194 574 17.
247 538 289 574 L.
319 539 531 584 campestre.
963 536 1021 570 24.
1075 533 1117 569 L.
1144 533 1477 569 Liebmannianum.

138 600 194 634 18.
247 597 289 632 L.
317 607 542 644 purpureum.
963 594 1020 629 25.
1073 593 1116 629 L.
1145 591 1318 638 segetale.

137 658 193 693 19.
246 656 289 692 L.
318 654 584 702 grandiflorum.

289 737 443 785 Sperare
470 737 577 772 etiam
604 734 794 780 audemus,
821 734 913 780 fore,
940 737 979 769 ut
1005 733 1146 781 speeies
1173 731 1295 779 plures
1324 730 1549 778 detegantur,
1594 741 1674 777 quae
1702 741 1757 766 se-

137 796 225 832 riem
253 807 333 832 eam
359 796 487 832 melius
515 797 735 832 connectant.

657 975 709 1016 V.
766 974 939 1015 LOCUS
979 970 1231 1014 NATALIS.

291 1080 517 1127 Quamquam
542 1082 583 1127 ii,
613 1081 673 1128 qui
698 1081 898 1128 specimina
923 1080 1049 1116 harum
1072 1080 1275 1127 plantarum
1302 1079 1534 1126 collegerunt,
1562 1078 1679 1114 locum
1697 1091 1758 1115 na-

138 1140 248 1176 talem
275 1151 374 1187 saepe
400 1151 471 1176 non
498 1140 722 1187 adnotarunt,
752 1139 964 1176 sententiam
991 1143 1111 1175 tamen
1137 1142 1296 1174 nostram
1323 1149 1524 1186 proponere
1543 1138 1758 1181 conabimur,

139 1199 262 1235 habitu
287 1199 477 1235 herbarum
506 1199 660 1235 maxime
689 1199 793 1245 ducti,
822 1203 861 1235 ut
887 1199 948 1235 alii
974 1198 1105 1234 menda
1127 1201 1252 1234 nostra
1278 1197 1385 1233 facile
1413 1197 1597 1244 corrigant
1623 1201 1659 1233 et
1684 1208 1759 1233 rem

139 1258 245 1306 plene
278 1258 471 1305 illustrent,
513 1271 582 1306 quo
617 1259 724 1295 etiam
751 1258 879 1294 melius
907 1257 1119 1305 dijudicent,
1160 1268 1243 1293 num
1274 1257 1399 1293 formae
1435 1256 1600 1304 quaedam
1640 1257 1760 1304 dignae

140 1317 225 1364 sint,
255 1329 335 1365 quae
362 1317 644 1365 distinguantur,
679 1330 724 1354 an
749 1318 830 1354 1000
856 1317 969 1353 natali
995 1316 1239 1353 tantummodo
1266 1320 1413 1352 mutatae
1438 1316 1509 1352 sint
1536 1315 1760 1352 reducendae.

142 1375 341 1423 Opinamm·
372 1380 508 1424 tamen,
549 1388 836 1424 unamquamque
870 1376 1028 1424 speciem
1060 1376 1178 1412 locum
1206 1375 1275 1411 sibi
1302 1379 1424 1422 aptum
1452 1379 1580 1422 sponte
1608 1375 1763 1422 eligere,

142 1435 208 1471 sed
233 1436 270 1471 in
295 1436 375 1472 loeo
404 1436 569 1473 dissimili
596 1441 632 1473 et
658 1437 728 1473 sibi
755 1437 872 1472 alieno
899 1447 981 1471 raro
1008 1435 1143 1482 vigere.
1190 1434 1343 1471 Constat
1361 1434 1513 1481 quidem,
1543 1435 1764 1483 Lepiyonum

142 1496 289 1530 rubrum
315 1495 353 1531 in
379 1495 496 1532 littore
523 1497 660 1532 marino
687 1507 940 1542 nonnunquam
973 1506 1153 1541 crescere,
1196 1493 1261 1530 sed
1291 1497 1397 1530 notas
1424 1498 1544 1530 tamen
1571 1506 1658 1530 suas
1684 1506 1764 1541 pro-

142 1554 258 1602 prias,
287 1554 364 1590 sine
392 1555 464 1591 ullo
492 1555 539 1591 ad
566 1555 657 1591 alias
685 1555 827 1602 speeies
853 1554 1020 1599 transitu,
1049 1554 1222 1599 retinere,
1263 1565 1308 1589 ex
1335 1564 1404 1600 quo
1436 1553 1543 1589 facile
1582 1553 1763 1595 videmus,

144 1615 277 1650 formas
306 1614 457 1660 similes,
498 1618 537 1650 ut
562 1627 595 1650 v.
624 1626 654 1650 0.
682 1614 806 1662 Lepiy.
833 1614 989 1649 salinum
1029 1616 1063 1649 et
1096 1613 1183 1661 Lep.
1213 1613 1467 1661 leiospermum‚
1505 1624 1570 1660 pro
1611 1612 1763 1648 varieta-

143 1673 240 1710 tibus
266 1673 363 1709 illius
394 1673 564 1721 Lepiyowzi
588 1674 689 1709 rubri
712 1674 856 1709 minime
885 1684 967 1709 esse
994 1672 1191 1708 habendas.

296 1750 399 1786 Loca
433 1750 531 1786 sicca
569 1753 643 1786 tam
683 1750 900 1798 campestria
940 1761 1046 1796 quam
1087 1761 1254 1793 arenosa,
1295 1748 1473 1784 interdum
1512 1759 1635 1795 rupes,
1674 1760 1765 1796 prae—

146 1809 249 1857 cipue
277 1809 415 1855 eligunt
442 1809 583 1857 species
612 1813 820 1857 sequentes:
852 1808 1069 1856 Lepiqonum
1096 1809 1365 1849 maarothecum,
1390 1807 1654 1855 ylandulosum‚
1688 1821 1765 1844 are-

146 1870 302 1910 narium,
330 1869 619 1916 depauperatum,
652 1870 954 1917 microspermum,
982 1868 1300 1903 Liebmannianum
1328 1866 1394 1916 (‘?),
1435 1874 1590 1914 rupestre
1630 1867 1680 1917 (in
1711 1879 1766 1903 ru-

146 1929 251 1976 pibus
279 1928 326 1964 ad
352 1939 451 1963 mare
477 1928 588 1975 sitis),
626 1929 941 1977 trachyspermum,
974 1927 1249 1975 yq'andg'ffl07'zcm,
1290 1933 1495 1974 campestre,
1528 1939 1768 1974 purpureum,

148 1989 305 2024 rubrum.

297 2065 340 2101 In
365 2065 543 2101 littoribus
570 2065 757 2101 maritimis
784 2064 961 2101 invenies:
992 2068 1024 2099 L.
1054 2064 1361 2110 heber-asperrimum,
1386 2061 1657 2102 mcccrorlziwm,
1674 2061 1763 2108 fim—

152 2125 318 2166 briatum,
347 2124 532 2160 moricum.

302 2200 344 2236 In
369 2201 556 2237 maritimis
590 2205 625 2237 et
652 2200 910 2247 salsuginosis:
941 2204 974 2236 L.
1001 2200 1172 2241 salinum,
1201 2204 1238 2235 L.
1265 2197 1516 2245 salszcyz’neum,
1546 2200 1579 2231 L.
1607 2196 1766 2243 Zeiosper-

151 2273 266 2301 mum,
302 2260 494 2296 marinum.

303 2337 346 2372 In
372 2336 591 2383 salsugineis
631 2339 666 2372 et
691 2336 846 2372 humidis
871 2334 969 2372 haud
997 2335 1123 2371 salsis:
1166 2339 1200 2370 L.
1228 2332 1398 2373 medium,
1438 2332 1545 2373 laeve,
1587 2331 1772 2371 ecrimium,

153 2396 376 2446 brevz'folium.

305 2473 402 2509 Inter
430 2474 592 2518 segetes:
622 2475 656 2506 L.
682 2472 830 2519 seyetale.
