2188 3044
514 207 536 241 4
1098 205 1134 240 C.
1164 205 1195 241 J.
1224 204 1449 246 Tonnssmzc,

463 306 611 344 totidem
636 304 845 342 samanidici
870 304 1029 341 Ahmedi
1056 312 1092 343 et
1116 306 1229 348 Nasri,
1263 312 1298 342 et
1333 305 1604 342 hamdanidicus
1632 306 1923 356 Abu-Taghlebi,
1955 317 2082 342 omnes

463 366 567 403 valde
592 365 670 402 triti.
724 366 815 407 (Inv.
846 366 972 413 2185).

614 433 645 469 6.
698 431 875 468 Paroecia
909 432 1051 482 Stafvie‚
1083 431 1250 468 territorii
1288 434 1417 469 Torna.
1469 433 1507 468 ln
1540 446 1639 482 aglu,
1667 434 1935 470 Ramscilcrarne
1961 433 2083 482 appel-

462 491 543 533 lato,
572 490 632 526 ubi
659 496 761 526 antea
786 490 883 526 numi
907 504 1018 540 saepe
1043 497 1145 528 erant
1168 492 1259 534 lecti,
1287 505 1382 528 anno
1416 493 1509 527 1856
1529 505 1656 536 magna
1671 492 1724 528 vis
1745 492 1976 528 frustulorum
1996 491 2082 527 varii

461 549 675 599 speciminis,
706 555 742 585 ut
763 549 867 586 facile
896 550 1042 594 dixeris,
1068 564 1110 587 ea
1138 563 1185 587 ex
1213 551 1356 587 officina
1380 551 1596 601 argentificis
1624 551 1734 587 fuisse
1762 551 1934 593 desumta,
1964 556 1999 586 et
2022 552 2083 599 143

461 608 544 645 loth.
584 621 776 645 numorum
816 611 1075 659 cuficorum,
1115 610 1308 646 maximam
1353 617 1489 659 partem
1524 610 1728 652 fractorum,
1755 611 1908 647 rusticus
1936 610 2081 660 quidam

465 669 616 719 collegit.
670 669 813 705 Inerant
843 669 1089 716 umajjadicus,
1117 671 1137 704 4
1167 669 1374 711 abbasidici,
1410 669 1626 712 tahiridicus‚
1655 671 1677 705 :2
1711 669 1967 708 hamdanidiciz
2000 668 2081 705 reli-

465 728 525 777 qui
553 741 641 764 vero
667 728 869 764 Samanidis
896 728 1072 777 originem
1102 728 1294 772 debebant,
1323 743 1353 767 a.
1376 730 1576 766 288—356
1591 729 1746 778 procusi,
1764 742 1856 778 quos
1868 728 1961 765 inter
1976 728 2084 777 pluri-

464 800 544 823 mos
571 788 761 824 observavi
786 800 805 823 a
827 787 1140 824 Nuho-hen—Nasr
1165 788 1357 837 profectos,
1384 788 1429 825 ita
1457 794 1492 824 ut
1516 789 1538 825 ii
1567 794 1727 838 quartam
1756 788 1832 825 fere
1859 793 1994 837 partem
2018 799 2083 823 nu-

464 859 606 883 morum
635 846 831 883 efficerent.
887 847 1054 884 Omnium
1080 847 1181 883 facile
1204 848 1545 897 praestantissimum
1566 847 1685 884 habeo
1703 847 1946 884 dirhemum
1968 846 2082 894 vedji-

465 905 620 942 hidicum
658 919 688 942 a.
716 906 788 941 333
825 906 860 942 in
894 907 1028 943 Omana
1064 907 1250 956 signatum.
1307 906 1515 944 Thesaurus
1548 914 1643 944 totus
1670 907 1765 944 haud
1792 909 2020 957 spernendus
2047 906 2082 942 in

464 967 635 1002 Museum
667 965 903 1002 universitatis
929 965 1116 1002 lundensis
1144 966 1316 1016 migravit.

615 1034 646 1069 7.
700 1034 809 1069 Anno
851 1034 945 1069 1858
972 1046 992 1069 e
1019 1033 1097 1069 lacu
1134 1035 1352 1083 Oppmanna
1379 1035 1487 1078 dicto,
1517 1035 1552 1071 in
1581 1034 1760 1071 territorio
1797 1035 1965 1076 Wlland,
1991 1033 2082 1069 haec

464 1098 546 1128 sunt
574 1092 718 1128 educta:
747 1092 882 1128 armilla
908 1098 1000 1129 torta
1029 1106 1097 1129 una
1128 1106 1209 1129 cum
1235 1093 1359 1129 similis
1389 1095 1587 1130 ornamenti
1614 1093 1825 1141 fragmento,
1841 1093 1989 1129 bacillus
2006 1092 2083 1128 lon*

464 1152 545 1197 gior
569 1151 864 1202 quadrangularis
893 1157 927 1187 et
960 1153 1002 1187 19
1025 1152 1154 1198 integri
1180 1166 1222 1188 ac
1251 1155 1290 1188 14
1331 1153 1430 1189 fracti
1457 1153 1648 1190 dirhemi
1673 1153 1882 1189 samanidici
1904 1165 1933 1188 a.
1959 1153 2080 1188 283-

466 1212 537 1246 312
579 1212 832 1253 el-Schaschae‚
872 1213 1140 1249 samarcandae
1178 1218 1213 1248 et
1252 1213 1464 1249 Enderabae
1494 1213 1630 1262 signati,
1690 1212 1854 1248 Aderant
1885 1224 2031 1261 quoque
2060 1212 2082 1246 (ι

465 1270 551 1313 falsi,
580 1270 626 1306 ad
653 1283 816 1306 normam
845 1277 1012 1307 monetae
1040 1271 1144 1308 Nasri
1173 1272 1388 1308 Samanidae
1416 1271 1507 1308 facti.
1562 1272 1652 1322 (lnv.
1681 1272 1808 1320 2429).

613 1355 856 1392 HALLANDIA.
909 1357 942 1393 8.
999 1357 1197 1406 Thorstorp,
1232 1357 1424 1406 paroeciae
1465 1359 1649 1395 Gm'meton
1675 1362 1710 1394 et
1735 1356 1902 1393 territorii
1930 1356 2083 1397 Isimble,

466 1415 503 1451 ln
544 1415 716 1457 arenaria,
756 1416 848 1451 duos
890 1416 1001 1452 modo
1044 1417 1156 1465 pedes
1191 1416 1258 1452 sub
1299 1421 1416 1452 terrae
1445 1416 1536 1458 solo,
1573 1416 1710 1453 villicus
1745 1429 1840 1452 anno
1873 1416 1968 1451 1859
1992 1414 2083 1450 haec

466 1474 633 1511 offendit:
663 1474 845 1516 armillam,
875 1488 895 1511 e
922 1475 1052 1512 bacillo
1082 1476 1233 1524 simplici
1254 1475 1391 1518 factam,
1409 1476 1482 1512 duo
1502 1475 1700 1525 fragmenta
1716 1475 1929 1511 annulorum
1946 1473 2081 1510 moduli

466 1533 614 1581 majoris
638 1539 672 1570 et
699 1539 955 1576 contortorum,
998 1535 1148 1571 frustum
1179 1535 1337 1571 armillae
1376 1535 1535 1584 patentis,
1577 1535 1692 1570 varias
1737 1539 1855 1583 partes
1880 1534 2021 1569 filorum
2048 1539 2082 1569 et

466 1598 613 1629 catenae
641 1605 781 1641 parvae,
808 1593 900 1629 duos
925 1594 1085 1643 integros
1112 1600 1147 1630 et
1176 1597 1218 1631 17
1247 1594 1379 1630 fractos
1414 1594 1653 1630 dirhemos.
1708 1593 1932 1629 Abbasidico
1962 1593 2081 1629 etalio

466 1651 558 1701 proh
582 1652 702 1688 dolor!
732 1652 885 1701 dirupto,
913 1653 957 1689 ab
992 1652 1164 1689 Ahmedo
1192 1653 1461 1690 ben-Abdallah
1488 1654 1705 1701 Nejsaburae
1736 1666 1757 1688 a
1799 1653 1872 1688 268
1901 1665 1998 1693 cuso,
2016 1665 2082 1689 ex-

466 1711 586 1760 ceptis,
620 1711 862 1747 samanidicae
894 1712 1042 1762 originis
1070 1719 1171 1748 erant
1210 1725 1348 1754 omnes,
1373 1726 1404 1749 a.
1438 1713 1637 1748 282-328
1666 1712 1909 1749 el-Schaschae
1937 1725 1979 1747 ac
2008 1713 2082 1749 Sa-

464 1772 678 1807 marcandae
717 1770 852 1820 signati.
920 1772 1003 1812 Quo
1042 1772 1156 1807 rarius
1197 1772 1294 1808 numi
1327 1772 1361 1808 in
1389 1772 1462 1808 oris
1500 1771 1760 1807 Scandinaviac
1797 1771 2081 1807 occidentalibus

465 1830 700 1879 reperiuntur,
732 1842 777 1865 eo
806 1830 917 1879 magis
939 1829 995 1866 hic
1022 1830 1211 1867 thesaurus
1239 1831 1417 1867 notandus
1445 1836 1509 1867 est.
1561 1831 1652 1880 (Inv.
1677 1831 1801 1876 2633).

614 1915 815 1951 OELANDIA
841 1914 964 1950 insula.
1017 1916 1051 1951 9.
1108 1916 1255 1965 Gdrdby
1291 1915 1467 1964 paroecia.
1527 1917 1636 1951 Anno
1670 1916 1763 1952 1857
1792 1916 1863 1951 duo
1892 1914 2081 1950 dirhemi

466 1974 676 2016 aIJbasidici,
702 1975 1039 2011 eZ-llluha-mmedz'ae
1063 1987 1083 2009 a
1126 1976 1192 2010 184
1222 1980 1256 2010 et
1290 1976 1357 2010 195
1386 1975 1480 2017 editi,
1504 1975 1627 2010 effossi
1654 1979 1745 2011 sunt.

618 2044 669 2078 10.
725 2042 762 2077 ln
804 2043 977 2091 Affvz'dsjij
1004 2041 1152 2090 praedio
1191 2054 1285 2077 anno
1313 2042 1444 2078 eodem
1486 2044 1579 2079 v1857
1621 2041 1795 2078 dirhem
1829 2041 2080 2084 samanidicus,

465 2103 708 2140 el-Sckaschae
736 2113 831 2136 anno
859 2101 931 2136 293
958 2113 1147 2149 procusus,
1175 2100 1274 2136 solus
1301 2101 1414 2137 lectus
1441 2106 1504 2137 est.
1559 2102 1647 2150 (lnv.
1674 2102 1800 2149 2415).

618 2181 672 2213 11.
726 2178 832 2214 Stora
860 2177 1038 2226 lllo'clcleby
1066 2176 1257 2225 paroeciae
1285 2176 1449 2223 ejusdem
1464 2176 1628 2213 nominis.
1667 2177 1776 2213 Anno
1796 2177 1890 2212 1859
1913 2188 2021 2212 aure
2033 2188 2080 2211 us

465 2237 618 2275 Ahmedi
647 2236 865 2274 Samanidae
886 2235 1175 2277 notabilissimus,
1203 2247 1233 2270 a.
1262 2236 1335 2271 295
1362 2237 1604 2273 eZ-Schaschae
1634 2249 1751 2278 cusus¹
1778 2235 1878 2271 solus
1913 2235 2078 2271 inventus

463 2303 523 2334 est.
577 2298 667 2347 (lnv.
696 2297 819 2345 2609).

614 2370 845 2411 GonANm'A
870 2371 994 2408 insula.
1050 2371 1103 2407 12.
1158 2371 1196 2407 In
1223 2382 1311 2420 agro
1340 2370 1384 2406 ad
1414 2369 1540 2406 urbem
1569 2370 1746 2419 Wisbyae
1774 2369 1841 2405 sito
1863 2382 1958 2406 anno
1984 2370 2077 2406 1847

465 2433 651 2481 operarius
679 2431 925 2468 dirhemum
963 2430 1222 2466 samanidicum
1249 2442 1278 2466 a.
1308 2430 1381 2465 299
1407 2430 1673 2467 Samarcandae
1717 2428 1894 2479 signatum
1920 2428 2012 2464 inter
2038 2441 2078 2464 a·-

463 2492 611 2528 randum
642 2490 795 2540 collegit.

612 2561 666 2596 13.
719 2559 913 2607 Halsmfve
958 2556 1149 2606 paroeciae
1193 2556 1381 2593 Fardhem.
1446 2556 1556 2591 Anno
1598 2556 1691 2592 1848
1726 2554 1915 2592 thesaurus
1941 2555 1997 2592 hic
2025 2563 2079 2592 est
