<?xml version="1.0" encoding="UTF-8"?>
<!DOCTYPE html PUBLIC "-//W3C//DTD XHTML 1.0 Transitional//EN"
    "http://www.w3.org/TR/xhtml1/DTD/xhtml1-transitional.dtd">
<html xmlns="http://www.w3.org/1999/xhtml" xml:lang="en" lang="en">
 <head>
  <title>
</title>
<meta http-equiv="Content-Type" content="text/html;charset=utf-8" />
  <meta name='ocr-system' content='tesseract 3.04.00' />
  <meta name='ocr-capabilities' content='ocr_page ocr_carea ocr_par ocr_line ocrx_word'/>
</head>
<body>
  <div class='ocr_page' id='page_1' title='image "./novaactaregiaeso346263kung_0238.png"; bbox 0 0 2188 3044; ppageno 0'>
   <div class='ocr_carea' id='block_1_1' title="bbox 496 192 1431 236">
    <p class='ocr_par' dir='ltr' id='par_1_1' title="bbox 496 192 1431 236">
     <span class='ocr_line' id='line_1_1' title="bbox 496 192 1431 236; baseline -0.007 -2"><span class='ocrx_word' id='word_1_1' title='bbox 496 200 516 234; x_wconf 75' lang='lat'>8</span> <span class='ocrx_word' id='word_1_2' title='bbox 1075 193 1119 229; x_wconf 90' lang='lat' dir='ltr'>N.</span> <span class='ocrx_word' id='word_1_3' title='bbox 1149 192 1189 229; x_wconf 77' lang='lat' dir='ltr'>O.</span> <span class='ocrx_word' id='word_1_4' title='bbox 1218 193 1431 236; x_wconf 73' lang='lat' dir='ltr'>KINDBERG,</span> 
     </span>
    </p>
   </div>
   <div class='ocr_carea' id='block_1_2' title="bbox 442 291 2066 402">
    <p class='ocr_par' dir='ltr' id='par_1_2' title="bbox 442 291 2066 402">
     <span class='ocr_line' id='line_1_2' title="bbox 443 291 2066 341; baseline -0.005 -6"><span class='ocrx_word' id='word_1_5' title='bbox 443 299 563 336; x_wconf 84' lang='lat' dir='ltr'>sessili</span> <span class='ocrx_word' id='word_1_6' title='bbox 592 296 818 341; x_wconf 85' lang='lat' dir='ltr'>uniloculari,</span> <span class='ocrx_word' id='word_1_7' title='bbox 860 295 897 330; x_wconf 88' lang='lat' dir='ltr'>in</span> <span class='ocrx_word' id='word_1_8' title='bbox 925 305 993 341; x_wconf 89' lang='lat' dir='ltr'>quo</span> <span class='ocrx_word' id='word_1_9' title='bbox 1018 297 1101 329; x_wconf 89' lang='lat' dir='ltr'>sunt</span> <span class='ocrx_word' id='word_1_10' title='bbox 1131 294 1237 330; x_wconf 87' lang='lat' dir='ltr'>ovula</span> <span class='ocrx_word' id='word_1_11' title='bbox 1274 294 1428 341; x_wconf 85' lang='lat' dir='ltr'>plurima</span> <span class='ocrx_word' id='word_1_12' title='bbox 1464 292 1662 329; x_wconf 85' lang='lat' dir='ltr'>columellae</span> <span class='ocrx_word' id='word_1_13' title='bbox 1699 291 1848 328; x_wconf 86' lang='lat' dir='ltr'>centrali</span> <span class='ocrx_word' id='word_1_14' title='bbox 1888 291 2066 328; x_wconf 73' lang='lat' dir='ltr'>distinctae</span> 
     </span>
     <span class='ocr_line' id='line_1_3' title="bbox 442 355 838 402; baseline -0.015 -7"><span class='ocrx_word' id='word_1_15' title='bbox 442 359 576 395; x_wconf 87' lang='lat' dir='ltr'>inserta</span> <span class='ocrx_word' id='word_1_16' title='bbox 603 355 838 402; x_wconf 84' lang='lat' dir='ltr'>amphitropa.</span> 
     </span>
    </p>
   </div>
   <div class='ocr_carea' id='block_1_3' title="bbox 445 418 2065 527">
    <p class='ocr_par' dir='ltr' id='par_1_3' title="bbox 445 418 2065 527">
     <span class='ocr_line' id='line_1_4' title="bbox 603 418 2065 471; baseline -0.003 -13"><span class='ocrx_word' id='word_1_17' title='bbox 603 423 754 471; x_wconf 76' lang='lat' dir='ltr'>Capsula</span> <span class='ocrx_word' id='word_1_18' title='bbox 783 422 975 458; x_wconf 87' lang='lat' dir='ltr'>chartacea</span> <span class='ocrx_word' id='word_1_19' title='bbox 1002 421 1156 468; x_wconf 86' lang='lat' dir='ltr'>globosa</span> <span class='ocrx_word' id='word_1_20' title='bbox 1195 433 1228 457; x_wconf 95' lang='lat' dir='ltr'>v.</span> <span class='ocrx_word' id='word_1_21' title='bbox 1262 419 1415 456; x_wconf 88' lang='lat' dir='ltr'>ovoidea</span> <span class='ocrx_word' id='word_1_22' title='bbox 1453 420 1598 467; x_wconf 87' lang='lat' dir='ltr'>trigona</span> <span class='ocrx_word' id='word_1_23' title='bbox 1634 419 1865 456; x_wconf 86' lang='lat' dir='ltr'>unilocularis</span> <span class='ocrx_word' id='word_1_24' title='bbox 1902 418 2065 454; x_wconf 89' lang='lat' dir='ltr'>trivalvis</span> 
     </span>
     <span class='ocr_line' id='line_1_5' title="bbox 445 480 1210 527; baseline -0.005 -7"><span class='ocrx_word' id='word_1_25' title='bbox 445 485 491 520; x_wconf 88' lang='lat' dir='ltr'>ad</span> <span class='ocrx_word' id='word_1_26' title='bbox 518 483 623 519; x_wconf 88' lang='lat' dir='ltr'>basin</span> <span class='ocrx_word' id='word_1_27' title='bbox 651 481 859 527; x_wconf 66' lang='lat' dir='ltr'>dehiscens,</span> <span class='ocrx_word' id='word_1_28' title='bbox 886 481 1003 517; x_wconf 63' lang='lat' dir='ltr'>valxds</span> <span class='ocrx_word' id='word_1_29' title='bbox 1031 480 1210 517; x_wconf 79' lang='lat' dir='ltr'>concavis.</span> 
     </span>
    </p>
   </div>
   <div class='ocr_carea' id='block_1_4' title="bbox 441 547 2066 833">
    <p class='ocr_par' dir='ltr' id='par_1_4' title="bbox 441 547 2066 833">
     <span class='ocr_line' id='line_1_6' title="bbox 597 547 2065 597; baseline -0.003 -12"><span class='ocrx_word' id='word_1_30' title='bbox 597 550 744 586; x_wconf 73' lang='lat' dir='ltr'>Semina</span> <span class='ocrx_word' id='word_1_31' title='bbox 770 561 893 597; x_wconf 89' lang='lat' dir='ltr'>parva,</span> <span class='ocrx_word' id='word_1_32' title='bbox 921 560 1014 585; x_wconf 90' lang='lat' dir='ltr'>nunc</span> <span class='ocrx_word' id='word_1_33' title='bbox 1043 548 1321 596; x_wconf 84' lang='lat' dir='ltr'>subpyriformia</span> <span class='ocrx_word' id='word_1_34' title='bbox 1346 547 1785 594; x_wconf 86' lang='lat' dir='ltr'>lenticulari-compressa,</span> <span class='ocrx_word' id='word_1_35' title='bbox 1826 557 1920 582; x_wconf 87' lang='lat' dir='ltr'>nunc</span> <span class='ocrx_word' id='word_1_36' title='bbox 1946 549 2065 582; x_wconf 88' lang='lat' dir='ltr'>rotun-</span> 
     </span>
     <span class='ocr_line' id='line_1_7' title="bbox 443 605 2066 657; baseline -0.003 -11"><span class='ocrx_word' id='word_1_37' title='bbox 443 611 527 646; x_wconf 81' lang='lat' dir='ltr'>data</span> <span class='ocrx_word' id='word_1_38' title='bbox 563 609 805 657; x_wconf 89' lang='lat' dir='ltr'>complanata,</span> <span class='ocrx_word' id='word_1_39' title='bbox 846 619 1111 654; x_wconf 83' lang='lat' dir='ltr'>nonnumquam</span> <span class='ocrx_word' id='word_1_40' title='bbox 1150 607 1439 653; x_wconf 85' lang='lat' dir='ltr'>subreniformia,</span> <span class='ocrx_word' id='word_1_41' title='bbox 1480 606 1587 642; x_wconf 88' lang='lat' dir='ltr'>laevia</span> <span class='ocrx_word' id='word_1_42' title='bbox 1622 618 1655 642; x_wconf 93' lang='lat' dir='ltr'>v.</span> <span class='ocrx_word' id='word_1_43' title='bbox 1687 605 1883 642; x_wconf 78' lang='lat' dir='ltr'>tuberculis</span> <span class='ocrx_word' id='word_1_44' title='bbox 1922 605 2066 641; x_wconf 89' lang='lat' dir='ltr'>minutis</span> 
     </span>
     <span class='ocr_line' id='line_1_8' title="bbox 442 665 2064 716; baseline -0.003 -11"><span class='ocrx_word' id='word_1_45' title='bbox 442 670 554 705; x_wconf 88' lang='lat' dir='ltr'>dense</span> <span class='ocrx_word' id='word_1_46' title='bbox 581 669 717 714; x_wconf 84' lang='lat' dir='ltr'>obsita,</span> <span class='ocrx_word' id='word_1_47' title='bbox 752 668 858 716; x_wconf 88' lang='lat' dir='ltr'>picea</span> <span class='ocrx_word' id='word_1_48' title='bbox 885 679 916 703; x_wconf 93' lang='lat' dir='ltr'>v.</span> <span class='ocrx_word' id='word_1_49' title='bbox 944 668 1105 703; x_wconf 87' lang='lat' dir='ltr'>brunnea</span> <span class='ocrx_word' id='word_1_50' title='bbox 1130 680 1162 703; x_wconf 91' lang='lat' dir='ltr'>v.</span> <span class='ocrx_word' id='word_1_51' title='bbox 1190 667 1421 712; x_wconf 87' lang='lat' dir='ltr'>fusco-lutea,</span> <span class='ocrx_word' id='word_1_52' title='bbox 1463 677 1562 713; x_wconf 88' lang='lat' dir='ltr'>saepe</span> <span class='ocrx_word' id='word_1_53' title='bbox 1590 665 1648 701; x_wconf 80' lang='lat' dir='ltr'>ala</span> <span class='ocrx_word' id='word_1_54' title='bbox 1676 665 1852 711; x_wconf 77' lang='lat' dir='ltr'>scariosa,</span> <span class='ocrx_word' id='word_1_55' title='bbox 1892 676 1989 701; x_wconf 44' lang='lat' dir='ltr'>nunc*</span> <span class='ocrx_word' id='word_1_56' title='bbox 2011 665 2064 701; x_wconf 89' lang='lat' dir='ltr'>in-</span> 
     </span>
     <span class='ocr_line' id='line_1_9' title="bbox 441 724 2066 776; baseline -0.002 -12"><span class='ocrx_word' id='word_1_57' title='bbox 441 730 546 776; x_wconf 79' lang='lat' dir='ltr'>tegra</span> <span class='ocrx_word' id='word_1_58' title='bbox 574 740 668 764; x_wconf 88' lang='lat' dir='ltr'>nune</span> <span class='ocrx_word' id='word_1_59' title='bbox 694 728 816 763; x_wconf 73' lang='lat' dir='ltr'>lacera</span> <span class='ocrx_word' id='word_1_60' title='bbox 837 739 870 762; x_wconf 91' lang='lat' dir='ltr'>v.</span> <span class='ocrx_word' id='word_1_61' title='bbox 889 727 1068 763; x_wconf 79' lang='lat' dir='ltr'>fimbriata</span> <span class='ocrx_word' id='word_1_62' title='bbox 1095 727 1221 762; x_wconf 87' lang='lat' dir='ltr'>cincta.</span> <span class='ocrx_word' id='word_1_63' title='bbox 1276 727 1435 774; x_wconf 84' lang='lat' dir='ltr'>Embryo</span> <span class='ocrx_word' id='word_1_64' title='bbox 1461 725 1717 772; x_wconf 84' lang='lat' dir='ltr'>periphericus‚</span> <span class='ocrx_word' id='word_1_65' title='bbox 1745 724 1933 761; x_wconf 86' lang='lat' dir='ltr'>uncinatus</span> <span class='ocrx_word' id='word_1_66' title='bbox 1951 737 1984 760; x_wconf 92' lang='lat' dir='ltr'>v.</span> <span class='ocrx_word' id='word_1_67' title='bbox 2004 737 2066 761; x_wconf 71' lang='lat' dir='ltr'>an·</span> 
     </span>
     <span class='ocr_line' id='line_1_10' title="bbox 442 785 1707 833; baseline -0.003 -9"><span class='ocrx_word' id='word_1_68' title='bbox 442 788 587 824; x_wconf 88' lang='lat' dir='ltr'>nularis.</span> <span class='ocrx_word' id='word_1_69' title='bbox 640 786 819 823; x_wconf 83' lang='lat' dir='ltr'>Albumen</span> <span class='ocrx_word' id='word_1_70' title='bbox 845 786 1081 831; x_wconf 84' lang='lat' dir='ltr'>farinaceum,</span> <span class='ocrx_word' id='word_1_71' title='bbox 1112 785 1384 833; x_wconf 86' lang='lat' dir='ltr'>cotyledonibus</span> <span class='ocrx_word' id='word_1_72' title='bbox 1410 785 1707 821; x_wconf 80' lang='lat' dir='ltr'>incumbentibus.</span> 
     </span>
    </p>
   </div>
   <div class='ocr_carea' id='block_1_5' title="bbox 899 912 1608 955">
    <p class='ocr_par' dir='ltr' id='par_1_5' title="bbox 899 912 1608 955">
     <span class='ocr_line' id='line_1_11' title="bbox 899 912 1608 955; baseline 0.001 -3"><span class='ocrx_word' id='word_1_73' title='bbox 899 914 965 953; x_wconf 77' lang='lat' dir='ltr'>lli.</span> <span class='ocrx_word' id='word_1_74' title='bbox 1024 912 1188 954; x_wconf 77' lang='lat' dir='ltr'>NOTAE</span> <span class='ocrx_word' id='word_1_75' title='bbox 1226 913 1608 955; x_wconf 75' lang='lat' dir='ltr'>DISTINCTIVAE.</span> 
     </span>
    </p>
   </div>
   <div class='ocr_carea' id='block_1_6' title="bbox 441 1001 2066 1596">
    <p class='ocr_par' dir='ltr' id='par_1_6' title="bbox 441 1001 2066 1408">
     <span class='ocr_line' id='line_1_12' title="bbox 596 1001 2066 1051; baseline -0.003 -9"><span class='ocrx_word' id='word_1_76' title='bbox 596 1006 712 1042; x_wconf 85' lang='lat' dir='ltr'>Notas</span> <span class='ocrx_word' id='word_1_77' title='bbox 746 1002 1058 1040; x_wconf 86' lang='lat' dir='ltr'>characteristicas</span> <span class='ocrx_word' id='word_1_78' title='bbox 1092 1003 1328 1039; x_wconf 66' lang='lat' dir='ltr'>examinat-uri</span> <span class='ocrx_word' id='word_1_79' title='bbox 1366 1003 1480 1051; x_wconf 86' lang='lat' dir='ltr'>primo</span> <span class='ocrx_word' id='word_1_80' title='bbox 1512 1003 1748 1049; x_wconf 82' lang='lat' dir='ltr'>variationes,</span> <span class='ocrx_word' id='word_1_81' title='bbox 1791 1013 1872 1049; x_wconf 80' lang='lat' dir='ltr'>quae</span> <span class='ocrx_word' id='word_1_82' title='bbox 1909 1001 1956 1038; x_wconf 90' lang='lat' dir='ltr'>ad</span> <span class='ocrx_word' id='word_1_83' title='bbox 1996 1002 2066 1038; x_wconf 88' lang='lat' dir='ltr'>sin-</span> 
     </span>
     <span class='ocr_line' id='line_1_13' title="bbox 443 1061 2064 1114; baseline -0.004 -11"><span class='ocrx_word' id='word_1_84' title='bbox 443 1067 548 1114; x_wconf 89' lang='lat' dir='ltr'>gulas</span> <span class='ocrx_word' id='word_1_85' title='bbox 585 1065 729 1113; x_wconf 78' lang='lat' dir='ltr'>plantas</span> <span class='ocrx_word' id='word_1_86' title='bbox 777 1064 873 1099; x_wconf 89' lang='lat' dir='ltr'>clare</span> <span class='ocrx_word' id='word_1_87' title='bbox 913 1062 1107 1110; x_wconf 86' lang='lat' dir='ltr'>pertinent,</span> <span class='ocrx_word' id='word_1_88' title='bbox 1155 1061 1384 1109; x_wconf 68' lang='lat' dir='ltr'>adnotemus,</span> <span class='ocrx_word' id='word_1_89' title='bbox 1441 1062 1568 1109; x_wconf 90' lang='lat' dir='ltr'>quibus</span> <span class='ocrx_word' id='word_1_90' title='bbox 1610 1063 1718 1099; x_wconf 85' lang='lat' dir='ltr'>rebus</span> <span class='ocrx_word' id='word_1_91' title='bbox 1764 1062 1852 1098; x_wconf 87' lang='lat' dir='ltr'>satis</span> <span class='ocrx_word' id='word_1_92' title='bbox 1895 1062 2064 1098; x_wconf 90' lang='lat' dir='ltr'>observa-</span> 
     </span>
     <span class='ocr_line' id='line_1_14' title="bbox 442 1120 2065 1172; baseline -0.003 -11"><span class='ocrx_word' id='word_1_93' title='bbox 442 1126 505 1172; x_wconf 89' lang='lat' dir='ltr'>tis,</span> <span class='ocrx_word' id='word_1_94' title='bbox 548 1124 677 1161; x_wconf 86' lang='lat' dir='ltr'>deinde</span> <span class='ocrx_word' id='word_1_95' title='bbox 709 1123 756 1159; x_wconf 87' lang='lat' dir='ltr'>ad</span> <span class='ocrx_word' id='word_1_96' title='bbox 783 1126 922 1170; x_wconf 87' lang='lat' dir='ltr'>partes,</span> <span class='ocrx_word' id='word_1_97' title='bbox 965 1133 1113 1168; x_wconf 85' lang='lat' dir='ltr'>quarum</span> <span class='ocrx_word' id='word_1_98' title='bbox 1139 1121 1266 1158; x_wconf 88' lang='lat' dir='ltr'>modus</span> <span class='ocrx_word' id='word_1_99' title='bbox 1305 1120 1470 1157; x_wconf 87' lang='lat' dir='ltr'>variandi</span> <span class='ocrx_word' id='word_1_100' title='bbox 1503 1132 1523 1157; x_wconf 90' lang='grc'>6</span> <span class='ocrx_word' id='word_1_101' title='bbox 1555 1122 1709 1158; x_wconf 85' lang='lat' dir='ltr'>statione</span> <span class='ocrx_word' id='word_1_102' title='bbox 1746 1121 1868 1157; x_wconf 78' lang='lat' dir='ltr'>herbae</span> <span class='ocrx_word' id='word_1_103' title='bbox 1907 1120 2065 1168; x_wconf 85' lang='lat' dir='ltr'>pendere</span> 
     </span>
     <span class='ocr_line' id='line_1_15' title="bbox 442 1180 2065 1230; baseline -0.003 -9"><span class='ocrx_word' id='word_1_104' title='bbox 442 1185 597 1230; x_wconf 64' lang='lat' dir='ltr'>xddetur,</span> <span class='ocrx_word' id='word_1_105' title='bbox 640 1183 795 1218; x_wconf 86' lang='lat' dir='ltr'>animum</span> <span class='ocrx_word' id='word_1_106' title='bbox 828 1180 1071 1226; x_wconf 69' lang='lat' dir='ltr'>attendamus,</span> <span class='ocrx_word' id='word_1_107' title='bbox 1111 1184 1311 1228; x_wconf 87' lang='lat' dir='ltr'>postremo,</span> <span class='ocrx_word' id='word_1_108' title='bbox 1352 1181 1460 1217; x_wconf 89' lang='lat' dir='ltr'>rebus</span> <span class='ocrx_word' id='word_1_109' title='bbox 1492 1180 1564 1217; x_wconf 90' lang='lat' dir='ltr'>illis</span> <span class='ocrx_word' id='word_1_110' title='bbox 1604 1181 1719 1217; x_wconf 89' lang='lat' dir='ltr'>solitis</span> <span class='ocrx_word' id='word_1_111' title='bbox 1759 1181 1817 1216; x_wconf 91' lang='lat' dir='ltr'>hic</span> <span class='ocrx_word' id='word_1_112' title='bbox 1850 1180 1958 1216; x_wconf 89' lang='lat' dir='ltr'>etiam</span> <span class='ocrx_word' id='word_1_113' title='bbox 1984 1191 2065 1228; x_wconf 91' lang='lat' dir='ltr'>pro-</span> 
     </span>
     <span class='ocr_line' id='line_1_16' title="bbox 442 1239 2064 1288; baseline -0.002 -9"><span class='ocrx_word' id='word_1_114' title='bbox 442 1243 551 1288; x_wconf 83' lang='lat' dir='ltr'>batis,</span> <span class='ocrx_word' id='word_1_115' title='bbox 582 1242 768 1278; x_wconf 79' lang='lat' dir='ltr'>”naturam</span> <span class='ocrx_word' id='word_1_116' title='bbox 795 1252 866 1277; x_wconf 91' lang='lat' dir='ltr'>non</span> <span class='ocrx_word' id='word_1_117' title='bbox 894 1241 1014 1276; x_wconf 88' lang='lat' dir='ltr'>facere</span> <span class='ocrx_word' id='word_1_118' title='bbox 1033 1239 1184 1276; x_wconf 89' lang='lat' dir='ltr'>saltum&#39;&#39;</span> <span class='ocrx_word' id='word_1_119' title='bbox 1214 1243 1249 1275; x_wconf 88' lang='lat' dir='ltr'>et</span> <span class='ocrx_word' id='word_1_120' title='bbox 1276 1240 1431 1275; x_wconf 82' lang='lat' dir='ltr'>”nullam</span> <span class='ocrx_word' id='word_1_121' title='bbox 1449 1240 1612 1287; x_wconf 88' lang='lat' dir='ltr'>regulam</span> <span class='ocrx_word' id='word_1_122' title='bbox 1632 1240 1709 1276; x_wconf 89' lang='lat' dir='ltr'>sine</span> <span class='ocrx_word' id='word_1_123' title='bbox 1730 1240 1940 1287; x_wconf 83' lang='lat' dir='ltr'>exceptione</span> <span class='ocrx_word' id='word_1_124' title='bbox 1961 1240 2064 1276; x_wconf 87' lang='lat' dir='ltr'>esse&#39;&#39;</span> 
     </span>
     <span class='ocr_line' id='line_1_17' title="bbox 441 1298 2065 1348; baseline -0.002 -9"><span class='ocrx_word' id='word_1_125' title='bbox 441 1306 547 1339; x_wconf 88' lang='lat' dir='ltr'>notas</span> <span class='ocrx_word' id='word_1_126' title='bbox 576 1302 770 1348; x_wconf 80' lang='lat' dir='ltr'>eligamus,</span> <span class='ocrx_word' id='word_1_127' title='bbox 813 1300 940 1348; x_wconf 88' lang='lat' dir='ltr'>quibus</span> <span class='ocrx_word' id='word_1_128' title='bbox 968 1311 1098 1335; x_wconf 74' lang='lat' dir='ltr'>nexum</span> <span class='ocrx_word' id='word_1_129' title='bbox 1124 1302 1197 1335; x_wconf 89' lang='lat' dir='ltr'>tam</span> <span class='ocrx_word' id='word_1_130' title='bbox 1224 1299 1405 1346; x_wconf 79' lang='lat' dir='ltr'>analogiae</span> <span class='ocrx_word' id='word_1_131' title='bbox 1433 1310 1538 1347; x_wconf 87' lang='lat' dir='ltr'>quam</span> <span class='ocrx_word' id='word_1_132' title='bbox 1567 1299 1767 1346; x_wconf 86' lang='lat' dir='ltr'>affinitatis,</span> <span class='ocrx_word' id='word_1_133' title='bbox 1810 1298 1869 1346; x_wconf 87' lang='lat' dir='ltr'>qui</span> <span class='ocrx_word' id='word_1_134' title='bbox 1900 1299 1984 1335; x_wconf 80' lang='lat' dir='ltr'>illas</span> <span class='ocrx_word' id='word_1_135' title='bbox 2014 1299 2065 1335; x_wconf 88' lang='lat' dir='ltr'>di-</span> 
     </span>
     <span class='ocr_line' id='line_1_18' title="bbox 443 1358 1185 1408; baseline -0.005 -10"><span class='ocrx_word' id='word_1_136' title='bbox 443 1373 570 1398; x_wconf 87' lang='lat' dir='ltr'>versas</span> <span class='ocrx_word' id='word_1_137' title='bbox 596 1361 738 1408; x_wconf 88' lang='lat' dir='ltr'>species</span> <span class='ocrx_word' id='word_1_138' title='bbox 767 1359 960 1406; x_wconf 84' lang='lat' dir='ltr'>conjungit,</span> <span class='ocrx_word' id='word_1_139' title='bbox 989 1358 1185 1394; x_wconf 89' lang='lat' dir='ltr'>videamus.</span> 
     </span>
    </p>

    <p class='ocr_par' dir='ltr' id='par_1_7' title="bbox 443 1426 2064 1596">
     <span class='ocr_line' id='line_1_19' title="bbox 596 1426 2064 1474; baseline -0.001 -10"><span class='ocrx_word' id='word_1_140' title='bbox 596 1428 721 1464; x_wconf 57' lang='lat' dir='ltr'>Radia«</span> <span class='ocrx_word' id='word_1_141' title='bbox 748 1431 784 1463; x_wconf 90' lang='lat' dir='ltr'>et</span> <span class='ocrx_word' id='word_1_142' title='bbox 811 1428 918 1463; x_wconf 79' lang='lat' dir='ltr'>caulis</span> <span class='ocrx_word' id='word_1_143' title='bbox 943 1438 1037 1462; x_wconf 90' lang='lat' dir='ltr'>nunc</span> <span class='ocrx_word' id='word_1_144' title='bbox 1064 1426 1256 1473; x_wconf 76' lang='lat' dir='ltr'>simplices,</span> <span class='ocrx_word' id='word_1_145' title='bbox 1285 1438 1378 1463; x_wconf 92' lang='lat' dir='ltr'>nunc</span> <span class='ocrx_word' id='word_1_146' title='bbox 1405 1426 1556 1474; x_wconf 69' lang='lat' dir='ltr'>ramosi,</span> <span class='ocrx_word' id='word_1_147' title='bbox 1585 1426 1726 1463; x_wconf 87' lang='lat' dir='ltr'>articuli</span> <span class='ocrx_word' id='word_1_148' title='bbox 1753 1426 1867 1463; x_wconf 85' lang='lat' dir='ltr'>caulis</span> <span class='ocrx_word' id='word_1_149' title='bbox 1893 1437 1987 1462; x_wconf 90' lang='lat' dir='ltr'>nunc</span> <span class='ocrx_word' id='word_1_150' title='bbox 2013 1427 2064 1463; x_wconf 93' lang='lat' dir='ltr'>in-</span> 
     </span>
     <span class='ocr_line' id='line_1_20' title="bbox 443 1485 2064 1535; baseline -0.001 -10"><span class='ocrx_word' id='word_1_151' title='bbox 443 1487 605 1534; x_wconf 87' lang='lat' dir='ltr'>crassati,</span> <span class='ocrx_word' id='word_1_152' title='bbox 635 1499 704 1535; x_wconf 89' lang='lat' dir='ltr'>quo</span> <span class='ocrx_word' id='word_1_153' title='bbox 733 1487 846 1523; x_wconf 89' lang='lat' dir='ltr'>caulis</span> <span class='ocrx_word' id='word_1_154' title='bbox 872 1497 999 1533; x_wconf 86' lang='lat' dir='ltr'>parum</span> <span class='ocrx_word' id='word_1_155' title='bbox 1027 1488 1210 1532; x_wconf 71' lang='lat' dir='ltr'>curvatur,</span> <span class='ocrx_word' id='word_1_156' title='bbox 1237 1497 1330 1522; x_wconf 91' lang='lat' dir='ltr'>nunc</span> <span class='ocrx_word' id='word_1_157' title='bbox 1357 1485 1558 1522; x_wconf 85' lang='lat' dir='ltr'>internodia</span> <span class='ocrx_word' id='word_1_158' title='bbox 1583 1486 1664 1522; x_wconf 89' lang='lat' dir='ltr'>basi</span> <span class='ocrx_word' id='word_1_159' title='bbox 1692 1490 1773 1522; x_wconf 89' lang='lat' dir='ltr'>sunt</span> <span class='ocrx_word' id='word_1_160' title='bbox 1792 1485 2064 1532; x_wconf 67' lang='lat' dir='ltr'>turgidiuscula</span> 
     </span>
     <span class='ocr_line' id='line_1_21' title="bbox 443 1544 1483 1596; baseline -0.004 -12"><span class='ocrx_word' id='word_1_161' title='bbox 443 1559 512 1596; x_wconf 89' lang='lat' dir='ltr'>quo</span> <span class='ocrx_word' id='word_1_162' title='bbox 540 1547 653 1583; x_wconf 86' lang='lat' dir='ltr'>caulis</span> <span class='ocrx_word' id='word_1_163' title='bbox 681 1545 908 1594; x_wconf 81' lang='lat' dir='ltr'>geniculatus</span> <span class='ocrx_word' id='word_1_164' title='bbox 936 1549 972 1581; x_wconf 89' lang='lat' dir='ltr'>et</span> <span class='ocrx_word' id='word_1_165' title='bbox 997 1544 1081 1581; x_wconf 82' lang='lat' dir='ltr'>nodi</span> <span class='ocrx_word' id='word_1_166' title='bbox 1108 1544 1270 1592; x_wconf 86' lang='lat' dir='ltr'>duplices</span> <span class='ocrx_word' id='word_1_167' title='bbox 1298 1548 1483 1593; x_wconf 85' lang='lat' dir='ltr'>apparent.</span> 
     </span>
    </p>
   </div>
   <div class='ocr_carea' id='block_1_7' title="bbox 444 1611 2067 1906">
    <p class='ocr_par' dir='ltr' id='par_1_8' title="bbox 444 1611 2067 1779">
     <span class='ocr_line' id='line_1_22' title="bbox 596 1611 2066 1661; baseline -0.001 -11"><span class='ocrx_word' id='word_1_168' title='bbox 596 1615 701 1650; x_wconf 78' lang='lat' dir='ltr'>Folia</span> <span class='ocrx_word' id='word_1_169' title='bbox 728 1614 832 1661; x_wconf 84' lang='lat' dir='ltr'>apice</span> <span class='ocrx_word' id='word_1_170' title='bbox 857 1612 939 1660; x_wconf 89' lang='lat' dir='ltr'>plus</span> <span class='ocrx_word' id='word_1_171' title='bbox 966 1612 1128 1648; x_wconf 85' lang='lat' dir='ltr'>minusve</span> <span class='ocrx_word' id='word_1_172' title='bbox 1156 1616 1262 1649; x_wconf 87' lang='lat' dir='ltr'>acuta</span> <span class='ocrx_word' id='word_1_173' title='bbox 1289 1616 1386 1659; x_wconf 66' lang='lat' dir='ltr'>sunt,</span> <span class='ocrx_word' id='word_1_174' title='bbox 1415 1612 1446 1648; x_wconf 86' lang='lat' dir='ltr'>si</span> <span class='ocrx_word' id='word_1_175' title='bbox 1472 1612 1567 1659; x_wconf 89' lang='lat' dir='ltr'>pilus</span> <span class='ocrx_word' id='word_1_176' title='bbox 1594 1612 1754 1658; x_wconf 88' lang='lat' dir='ltr'>occurrit,</span> <span class='ocrx_word' id='word_1_177' title='bbox 1783 1623 1881 1659; x_wconf 84' lang='lat' dir='ltr'>saepe</span> <span class='ocrx_word' id='word_1_178' title='bbox 1900 1611 2066 1648; x_wconf 89' lang='lat' dir='ltr'>subulata</span> 
     </span>
     <span class='ocr_line' id='line_1_23' title="bbox 445 1671 2067 1720; baseline -0.002 -10"><span class='ocrx_word' id='word_1_179' title='bbox 445 1675 640 1720; x_wconf 64' lang='lat' dir='ltr'>exsistunt,</span> <span class='ocrx_word' id='word_1_180' title='bbox 667 1685 760 1709; x_wconf 85' lang='grc'>1111116</span> <span class='ocrx_word' id='word_1_181' title='bbox 786 1671 997 1708; x_wconf 87' lang='lat' dir='ltr'>internodiis</span> <span class='ocrx_word' id='word_1_182' title='bbox 1025 1671 1139 1707; x_wconf 89' lang='lat' dir='ltr'>caulis</span> <span class='ocrx_word' id='word_1_183' title='bbox 1165 1671 1340 1718; x_wconf 84' lang='lat' dir='ltr'>longiora,</span> <span class='ocrx_word' id='word_1_184' title='bbox 1367 1671 1569 1719; x_wconf 85' lang='lat' dir='ltr'>praesertim</span> <span class='ocrx_word' id='word_1_185' title='bbox 1597 1683 1703 1718; x_wconf 88' lang='lat' dir='ltr'>quum</span> <span class='ocrx_word' id='word_1_186' title='bbox 1729 1671 1842 1707; x_wconf 83' lang='lat' dir='ltr'>herba</span> <span class='ocrx_word' id='word_1_187' title='bbox 1867 1671 2011 1707; x_wconf 89' lang='lat' dir='ltr'>humilis</span> <span class='ocrx_word' id='word_1_188' title='bbox 2033 1675 2067 1707; x_wconf 85' lang='lat' dir='ltr'>et</span> 
     </span>
     <span class='ocr_line' id='line_1_24' title="bbox 444 1731 1079 1779; baseline -0.002 -12"><span class='ocrx_word' id='word_1_189' title='bbox 444 1735 556 1770; x_wconf 83' lang='lat' dir='ltr'>obesa</span> <span class='ocrx_word' id='word_1_190' title='bbox 583 1734 642 1779; x_wconf 87' lang='lat' dir='ltr'>sit,</span> <span class='ocrx_word' id='word_1_191' title='bbox 670 1744 763 1769; x_wconf 89' lang='lat' dir='ltr'>nunc</span> <span class='ocrx_word' id='word_1_192' title='bbox 789 1732 955 1768; x_wconf 87' lang='lat' dir='ltr'>breviora</span> <span class='ocrx_word' id='word_1_193' title='bbox 982 1731 1079 1767; x_wconf 90' lang='lat' dir='ltr'>fiunt.</span> 
     </span>
    </p>

    <p class='ocr_par' dir='ltr' id='par_1_9' title="bbox 444 1798 2065 1906">
     <span class='ocr_line' id='line_1_25' title="bbox 598 1798 2065 1849; baseline -0.002 -12"><span class='ocrx_word' id='word_1_194' title='bbox 598 1802 757 1849; x_wconf 74' lang='lat' dir='ltr'>StipuZae</span> <span class='ocrx_word' id='word_1_195' title='bbox 789 1799 993 1847; x_wconf 86' lang='lat' dir='ltr'>superiores</span> <span class='ocrx_word' id='word_1_196' title='bbox 1019 1798 1139 1845; x_wconf 89' lang='lat' dir='ltr'>magis</span> <span class='ocrx_word' id='word_1_197' title='bbox 1166 1799 1357 1846; x_wconf 86' lang='lat' dir='ltr'>magisque</span> <span class='ocrx_word' id='word_1_198' title='bbox 1384 1798 1652 1845; x_wconf 87' lang='lat' dir='ltr'>abbreviantur,</span> <span class='ocrx_word' id='word_1_199' title='bbox 1693 1798 1874 1846; x_wconf 81' lang='lat' dir='ltr'>praecipue</span> <span class='ocrx_word' id='word_1_200' title='bbox 1901 1798 1938 1834; x_wconf 91' lang='lat' dir='ltr'>in</span> <span class='ocrx_word' id='word_1_201' title='bbox 1964 1798 2065 1846; x_wconf 89' lang='lat' dir='ltr'>pani-</span> 
     </span>
     <span class='ocr_line' id='line_1_26' title="bbox 444 1857 1585 1906; baseline -0.002 -10"><span class='ocrx_word' id='word_1_202' title='bbox 444 1861 533 1906; x_wconf 85' lang='lat' dir='ltr'>cula,</span> <span class='ocrx_word' id='word_1_203' title='bbox 561 1860 690 1895; x_wconf 87' lang='lat' dir='ltr'>mediae</span> <span class='ocrx_word' id='word_1_204' title='bbox 719 1862 837 1894; x_wconf 90' lang='lat' dir='ltr'>autem</span> <span class='ocrx_word' id='word_1_205' title='bbox 865 1862 900 1894; x_wconf 89' lang='lat' dir='ltr'>et</span> <span class='ocrx_word' id='word_1_206' title='bbox 926 1857 1114 1894; x_wconf 85' lang='lat' dir='ltr'>inferiores</span> <span class='ocrx_word' id='word_1_207' title='bbox 1141 1859 1256 1894; x_wconf 79' lang='lat' dir='ltr'>forma</span> <span class='ocrx_word' id='word_1_208' title='bbox 1282 1870 1409 1905; x_wconf 89' lang='lat' dir='ltr'>parum</span> <span class='ocrx_word' id='word_1_209' title='bbox 1435 1858 1585 1894; x_wconf 84' lang='lat' dir='ltr'>variant.</span> 
     </span>
    </p>
   </div>
   <div class='ocr_carea' id='block_1_8' title="bbox 444 1920 2065 2032">
    <p class='ocr_par' dir='ltr' id='par_1_10' title="bbox 444 1920 2065 2032">
     <span class='ocr_line' id='line_1_27' title="bbox 596 1920 2065 1976; baseline -0.002 -13"><span class='ocrx_word' id='word_1_210' title='bbox 596 1927 856 1976; x_wconf 60' lang='lat' dir='ltr'>lafforescentz&#39;a</span> <span class='ocrx_word' id='word_1_211' title='bbox 882 1925 1090 1972; x_wconf 88' lang='lat' dir='ltr'>plerumque</span> <span class='ocrx_word' id='word_1_212' title='bbox 1118 1920 1288 1961; x_wconf 87' lang='lat' dir='ltr'>constans</span> <span class='ocrx_word' id='word_1_213' title='bbox 1321 1929 1390 1971; x_wconf 89' lang='lat' dir='ltr'>est,</span> <span class='ocrx_word' id='word_1_214' title='bbox 1433 1925 1551 1962; x_wconf 89' lang='lat' dir='ltr'>evenit</span> <span class='ocrx_word' id='word_1_215' title='bbox 1576 1929 1710 1972; x_wconf 90' lang='lat' dir='ltr'>tamen,</span> <span class='ocrx_word' id='word_1_216' title='bbox 1752 1928 1790 1961; x_wconf 88' lang='lat' dir='ltr'>ut</span> <span class='ocrx_word' id='word_1_217' title='bbox 1815 1924 1983 1972; x_wconf 89' lang='lat' dir='ltr'>panicula</span> <span class='ocrx_word' id='word_1_218' title='bbox 2008 1937 2065 1960; x_wconf 89' lang='lat' dir='ltr'>ra-</span> 
     </span>
     <span class='ocr_line' id='line_1_28' title="bbox 444 1983 1923 2032; baseline -0.003 -9"><span class='ocrx_word' id='word_1_219' title='bbox 444 1998 589 2023; x_wconf 89' lang='lat' dir='ltr'>cemosa</span> <span class='ocrx_word' id='word_1_220' title='bbox 615 1986 817 2022; x_wconf 87' lang='lat' dir='ltr'>evolutione</span> <span class='ocrx_word' id='word_1_221' title='bbox 845 1996 910 2020; x_wconf 90' lang='lat' dir='ltr'>sua</span> <span class='ocrx_word' id='word_1_222' title='bbox 936 1983 1149 2030; x_wconf 88' lang='lat' dir='ltr'>retardetur,</span> <span class='ocrx_word' id='word_1_223' title='bbox 1178 1995 1247 2031; x_wconf 90' lang='lat' dir='ltr'>quo</span> <span class='ocrx_word' id='word_1_224' title='bbox 1275 1984 1327 2031; x_wconf 90' lang='lat' dir='ltr'>fit,</span> <span class='ocrx_word' id='word_1_225' title='bbox 1356 1988 1395 2021; x_wconf 92' lang='lat' dir='ltr'>ut</span> <span class='ocrx_word' id='word_1_226' title='bbox 1420 1985 1538 2032; x_wconf 90' lang='lat' dir='ltr'>potius</span> <span class='ocrx_word' id='word_1_227' title='bbox 1567 1996 1713 2032; x_wconf 85' lang='lat' dir='ltr'>cymosa</span> <span class='ocrx_word' id='word_1_228' title='bbox 1739 1984 1923 2020; x_wconf 88' lang='lat' dir='ltr'>habeatur.</span> 
     </span>
    </p>
   </div>
   <div class='ocr_carea' id='block_1_9' title="bbox 442 2051 2065 2277">
    <p class='ocr_par' dir='ltr' id='par_1_11' title="bbox 442 2051 2065 2277">
     <span class='ocr_line' id='line_1_29' title="bbox 597 2051 2063 2099; baseline -0.002 -10"><span class='ocrx_word' id='word_1_229' title='bbox 597 2053 800 2089; x_wconf 73' lang='lat' dir='ltr'>Pedunculz‘</span> <span class='ocrx_word' id='word_1_230' title='bbox 823 2053 967 2099; x_wconf 76' lang='lat' dir='ltr'>florales</span> <span class='ocrx_word' id='word_1_231' title='bbox 993 2051 1218 2098; x_wconf 83' lang='lat' dir='ltr'>longitudine</span> <span class='ocrx_word' id='word_1_232' title='bbox 1243 2051 1420 2088; x_wconf 87' lang='lat' dir='ltr'>interdum</span> <span class='ocrx_word' id='word_1_233' title='bbox 1446 2052 1604 2099; x_wconf 67' lang='lat' dir='ltr'>variant,</span> <span class='ocrx_word' id='word_1_234' title='bbox 1644 2052 1684 2099; x_wconf 87' lang='lat' dir='ltr'>ii,</span> <span class='ocrx_word' id='word_1_235' title='bbox 1713 2051 1773 2099; x_wconf 90' lang='lat' dir='ltr'>qui</span> <span class='ocrx_word' id='word_1_236' title='bbox 1798 2052 1836 2087; x_wconf 90' lang='lat' dir='ltr'>in</span> <span class='ocrx_word' id='word_1_237' title='bbox 1862 2051 1921 2087; x_wconf 85' lang='lat' dir='ltr'>ala</span> <span class='ocrx_word' id='word_1_238' title='bbox 1947 2061 2063 2086; x_wconf 89' lang='lat' dir='ltr'>ramo-</span> 
     </span>
     <span class='ocr_line' id='line_1_30' title="bbox 442 2110 2063 2158; baseline -0.002 -9"><span class='ocrx_word' id='word_1_239' title='bbox 442 2125 519 2149; x_wconf 88' lang='lat' dir='ltr'>rum</span> <span class='ocrx_word' id='word_1_240' title='bbox 547 2112 697 2149; x_wconf 87' lang='lat' dir='ltr'>solitarii</span> <span class='ocrx_word' id='word_1_241' title='bbox 725 2111 867 2157; x_wconf 86' lang='lat' dir='ltr'>sedent,</span> <span class='ocrx_word' id='word_1_242' title='bbox 895 2110 1024 2146; x_wconf 88' lang='lat' dir='ltr'>ceteris</span> <span class='ocrx_word' id='word_1_243' title='bbox 1052 2110 1180 2146; x_wconf 85' lang='lat' dir='ltr'>saltem</span> <span class='ocrx_word' id='word_1_244' title='bbox 1205 2110 1389 2156; x_wconf 86' lang='lat' dir='ltr'>longiores</span> <span class='ocrx_word' id='word_1_245' title='bbox 1416 2114 1515 2158; x_wconf 83' lang='lat' dir='ltr'>sunt;</span> <span class='ocrx_word' id='word_1_246' title='bbox 1541 2111 1714 2147; x_wconf 88' lang='lat' dir='ltr'>tenuitate</span> <span class='ocrx_word' id='word_1_247' title='bbox 1740 2111 1886 2158; x_wconf 89' lang='lat' dir='ltr'>paulum</span> <span class='ocrx_word' id='word_1_248' title='bbox 1912 2110 2063 2155; x_wconf 87' lang='lat' dir='ltr'>variant,</span> 
     </span>
     <span class='ocr_line' id='line_1_31' title="bbox 444 2168 2065 2218; baseline -0.001 -11"><span class='ocrx_word' id='word_1_249' title='bbox 444 2172 552 2208; x_wconf 87' lang='lat' dir='ltr'>etiam</span> <span class='ocrx_word' id='word_1_250' title='bbox 578 2183 670 2207; x_wconf 90' lang='lat' dir='ltr'>nunc</span> <span class='ocrx_word' id='word_1_251' title='bbox 703 2170 880 2218; x_wconf 87' lang='lat' dir='ltr'>aequales,</span> <span class='ocrx_word' id='word_1_252' title='bbox 920 2181 1014 2205; x_wconf 89' lang='lat' dir='ltr'>nunc</span> <span class='ocrx_word' id='word_1_253' title='bbox 1046 2169 1150 2216; x_wconf 85' lang='lat' dir='ltr'>apice</span> <span class='ocrx_word' id='word_1_254' title='bbox 1188 2168 1270 2216; x_wconf 89' lang='lat' dir='ltr'>plus</span> <span class='ocrx_word' id='word_1_255' title='bbox 1309 2170 1471 2206; x_wconf 89' lang='lat' dir='ltr'>minusve</span> <span class='ocrx_word' id='word_1_256' title='bbox 1511 2170 1719 2207; x_wconf 86' lang='lat' dir='ltr'>incrassati:</span> <span class='ocrx_word' id='word_1_257' title='bbox 1762 2170 1910 2207; x_wconf 89' lang='lat' dir='ltr'>directio</span> <span class='ocrx_word' id='word_1_258' title='bbox 1944 2180 2065 2205; x_wconf 89' lang='lat' dir='ltr'>eorum</span> 
     </span>
     <span class='ocr_line' id='line_1_32' title="bbox 445 2228 1407 2277; baseline -0.004 -10"><span class='ocrx_word' id='word_1_259' title='bbox 445 2231 562 2266; x_wconf 84' lang='lat' dir='ltr'>nullas</span> <span class='ocrx_word' id='word_1_260' title='bbox 589 2234 694 2267; x_wconf 87' lang='lat' dir='ltr'>notas</span> <span class='ocrx_word' id='word_1_261' title='bbox 720 2229 869 2277; x_wconf 85' lang='lat' dir='ltr'>praebet,</span> <span class='ocrx_word' id='word_1_262' title='bbox 899 2228 982 2275; x_wconf 86' lang='lat' dir='ltr'>quia</span> <span class='ocrx_word' id='word_1_263' title='bbox 1009 2239 1054 2264; x_wconf 81' lang='lat' dir='ltr'>ex</span> <span class='ocrx_word' id='word_1_264' title='bbox 1080 2232 1240 2276; x_wconf 86' lang='lat' dir='ltr'>tempore</span> <span class='ocrx_word' id='word_1_265' title='bbox 1266 2228 1407 2275; x_wconf 89' lang='lat' dir='ltr'>pendet.</span> 
     </span>
    </p>
   </div>
   <div class='ocr_carea' id='block_1_10' title="bbox 443 2296 2064 2464">
    <p class='ocr_par' dir='ltr' id='par_1_12' title="bbox 443 2296 2064 2464">
     <span class='ocr_line' id='line_1_33' title="bbox 599 2296 2063 2346; baseline -0.001 -12"><span class='ocrx_word' id='word_1_266' title='bbox 599 2298 728 2346; x_wconf 73' lang='lat' dir='ltr'>Sepala</span> <span class='ocrx_word' id='word_1_267' title='bbox 754 2296 941 2332; x_wconf 84' lang='lat' dir='ltr'>latitudine</span> <span class='ocrx_word' id='word_1_268' title='bbox 967 2297 1117 2341; x_wconf 88' lang='lat' dir='ltr'>variant,</span> <span class='ocrx_word' id='word_1_269' title='bbox 1145 2307 1238 2331; x_wconf 80' lang='grc'>1111116</span> <span class='ocrx_word' id='word_1_270' title='bbox 1265 2299 1381 2342; x_wconf 87' lang='lat' dir='ltr'>ovata,</span> <span class='ocrx_word' id='word_1_271' title='bbox 1410 2307 1503 2332; x_wconf 89' lang='lat' dir='ltr'>nunc</span> <span class='ocrx_word' id='word_1_272' title='bbox 1522 2297 1696 2344; x_wconf 82' lang='lat' dir='ltr'>oblonga;</span> <span class='ocrx_word' id='word_1_273' title='bbox 1723 2297 1885 2344; x_wconf 87' lang='lat' dir='ltr'>margine</span> <span class='ocrx_word' id='word_1_274' title='bbox 1903 2297 2063 2333; x_wconf 88' lang='lat' dir='ltr'>scarioso</span> 
     </span>
     <span class='ocr_line' id='line_1_34' title="bbox 444 2354 2064 2403; baseline -0.001 -10"><span class='ocrx_word' id='word_1_275' title='bbox 444 2357 562 2393; x_wconf 87' lang='lat' dir='ltr'>latiori</span> <span class='ocrx_word' id='word_1_276' title='bbox 584 2355 846 2403; x_wconf 82' lang='lat' dir='ltr'>angustiorive3</span> <span class='ocrx_word' id='word_1_277' title='bbox 871 2355 1048 2392; x_wconf 88' lang='lat' dir='ltr'>interdum</span> <span class='ocrx_word' id='word_1_278' title='bbox 1071 2358 1177 2391; x_wconf 85' lang='lat' dir='ltr'>aetate</span> <span class='ocrx_word' id='word_1_279' title='bbox 1203 2354 1445 2402; x_wconf 78' lang='lat' dir='ltr'>inflectuntur3</span> <span class='ocrx_word' id='word_1_280' title='bbox 1472 2367 1604 2392; x_wconf 87' lang='lat' dir='ltr'>nervus</span> <span class='ocrx_word' id='word_1_281' title='bbox 1630 2355 1768 2392; x_wconf 88' lang='lat' dir='ltr'>medius</span> <span class='ocrx_word' id='word_1_282' title='bbox 1794 2356 1876 2403; x_wconf 91' lang='lat' dir='ltr'>plus</span> <span class='ocrx_word' id='word_1_283' title='bbox 1902 2355 2064 2392; x_wconf 88' lang='lat' dir='ltr'>minusve</span> 
     </span>
     <span class='ocr_line' id='line_1_35' title="bbox 443 2416 745 2464; baseline -0.007 -12"><span class='ocrx_word' id='word_1_284' title='bbox 443 2416 654 2464; x_wconf 89' lang='lat' dir='ltr'>perspicuus</span> <span class='ocrx_word' id='word_1_285' title='bbox 681 2419 745 2451; x_wconf 86' lang='lat' dir='ltr'>est.</span> 
     </span>
    </p>
   </div>
   <div class='ocr_carea' id='block_1_11' title="bbox 444 2480 2064 2589">
    <p class='ocr_par' dir='ltr' id='par_1_13' title="bbox 444 2480 2064 2589">
     <span class='ocr_line' id='line_1_36' title="bbox 596 2480 2062 2529; baseline -0.002 -10"><span class='ocrx_word' id='word_1_286' title='bbox 596 2484 739 2524; x_wconf 60' lang='lat' dir='ltr'>Patala,</span> <span class='ocrx_word' id='word_1_287' title='bbox 780 2493 859 2529; x_wconf 89' lang='lat' dir='ltr'>quae</span> <span class='ocrx_word' id='word_1_288' title='bbox 886 2482 982 2529; x_wconf 89' lang='lat' dir='ltr'>apud</span> <span class='ocrx_word' id='word_1_289' title='bbox 1009 2482 1151 2529; x_wconf 89' lang='lat' dir='ltr'>species</span> <span class='ocrx_word' id='word_1_290' title='bbox 1179 2481 1379 2528; x_wconf 87' lang='lat' dir='ltr'>complures</span> <span class='ocrx_word' id='word_1_291' title='bbox 1406 2482 1551 2518; x_wconf 84' lang='lat' dir='ltr'>lilacina</span> <span class='ocrx_word' id='word_1_292' title='bbox 1578 2485 1675 2527; x_wconf 87' lang='lat' dir='ltr'>sunt,</span> <span class='ocrx_word' id='word_1_293' title='bbox 1716 2481 1892 2518; x_wconf 88' lang='lat' dir='ltr'>interdum</span> <span class='ocrx_word' id='word_1_294' title='bbox 1919 2480 2062 2529; x_wconf 86' lang='lat' dir='ltr'>paulum</span> 
     </span>
     <span class='ocr_line' id='line_1_37' title="bbox 444 2540 2064 2589; baseline -0.001 -11"><span class='ocrx_word' id='word_1_295' title='bbox 444 2542 654 2589; x_wconf 85' lang='lat' dir='ltr'>pallescunt,</span> <span class='ocrx_word' id='word_1_296' title='bbox 684 2553 793 2588; x_wconf 89' lang='lat' dir='ltr'>quare</span> <span class='ocrx_word' id='word_1_297' title='bbox 816 2552 923 2577; x_wconf 88' lang='lat' dir='ltr'>rosea</span> <span class='ocrx_word' id='word_1_298' title='bbox 946 2546 1137 2588; x_wconf 77' lang='lat' dir='ltr'>apparent3</span> <span class='ocrx_word' id='word_1_299' title='bbox 1165 2541 1217 2577; x_wconf 88' lang='lat' dir='ltr'>sic</span> <span class='ocrx_word' id='word_1_300' title='bbox 1242 2541 1350 2577; x_wconf 85' lang='lat' dir='ltr'>etiam</span> <span class='ocrx_word' id='word_1_301' title='bbox 1376 2542 1498 2589; x_wconf 88' lang='lat' dir='ltr'>petala</span> <span class='ocrx_word' id='word_1_302' title='bbox 1520 2541 1642 2578; x_wconf 85' lang='lat' dir='ltr'>albida</span> <span class='ocrx_word' id='word_1_303' title='bbox 1669 2544 1705 2576; x_wconf 89' lang='lat' dir='ltr'>et</span> <span class='ocrx_word' id='word_1_304' title='bbox 1730 2540 1833 2588; x_wconf 88' lang='lat' dir='ltr'>apice</span> <span class='ocrx_word' id='word_1_305' title='bbox 1859 2551 1965 2577; x_wconf 88' lang='lat' dir='ltr'>rosea</span> <span class='ocrx_word' id='word_1_306' title='bbox 1983 2540 2064 2586; x_wconf 90' lang='lat' dir='ltr'>plus</span> 
     </span>
    </p>
   </div>
  </div>
 </body>
</html>
