2188 3044
633 190 912 226 MONOGRAPHJA
946 198 1221 226 LEPIGONORUM.
1658 190 1702 225 13

136 291 251 328 versis
279 291 456 327 detectum
484 294 547 336 est,
577 291 703 327 eadem
730 292 879 338 regione
906 302 950 327 ac
976 295 1009 327 L.
1027 292 1270 339 salsuyineam.
1321 289 1499 327 Amerieae
1524 291 1627 339 priva
1654 294 1752 326 sunt:

139 355 173 385 L.
197 351 471 398 yramlz'florum,
502 355 535 386 L.
563 351 854 399 depauperatum,
886 355 921 386 L.
949 352 1217 392 macrothecum,
1260 354 1293 385 L.
1321 350 1542 390 arenarium,
1584 355 1617 385 L.
1646 351 1753 391 laeve,

137 410 179 445 L.
208 410 540 445 Liebmannz'anum.
596 414 672 458 Lep.
696 416 864 458 remeare,
891 409 929 445 in
955 409 1078 446 Gallia
1105 409 1152 446 ad
1178 408 1363 446 Oceanum
1388 408 1485 444 haud
1510 421 1629 445 rarum
1656 412 1692 445 et
1717 408 1753 444 in

134 469 239 504 terris
266 468 424 504 finitimis
451 468 558 504 etiam
587 469 743 513 obvium,
772 468 876 504 unico
902 469 982 505 loeo
1006 468 1184 505 Americae
1209 467 1450 504 meridionalis
1478 472 1534 504 est
1560 468 1748 504 detectum.

134 528 218 575 Lep.
246 529 552 576 traebyspermum,
581 528 618 563 in
643 526 811 563 America
835 527 1059 564 meridionali
1091 527 1187 564 haud
1213 539 1346 573 rarum,
1378 527 1485 562 etiam
1511 527 1548 563 in
1572 526 1752 574 Hispania

133 590 169 622 et
196 585 319 622 Gallia
344 587 568 623 meridionali
594 586 777 622 rarissime
803 587 976 633 provenit.
1043 587 1127 635 Lep.
1157 587 1322 622 mimium
1350 585 1465 621 adhuc
1491 586 1528 622 in
1554 586 1753 622 Palaestina

132 649 269 682 tantum
296 650 351 683 est
377 646 597 693 indagatum.
652 646 735 693 Lep.
764 646 979 694 brevzfolium
1017 645 1212 682 Australiae
1243 644 1383 692 privum
1411 648 1475 681 est.
1542 646 1625 694 Lep.
1649 646 1751 693 ylari-

133 707 292 742 dulosum
322 708 458 741 tantum
486 716 505 740 e
531 707 705 751 promont.
733 705 837 741 bonae
873 704 952 752 spei
978 708 1199 752 reportatum
1226 708 1290 740 est.
1358 704 1577 753 Lepiyonum
1609 717 1751 752 purpu-

133 779 246 807 reum,
287 777 367 801 cum
403 765 485 812 Lep.
519 764 623 799 rubro
663 763 769 799 facile
810 763 1109 810 confundendum,
1150 763 1187 799 in
1225 763 1373 810 Europa
1411 763 1636 799 meridionali
1674 763 1750 810 plu-

132 826 232 862 ribus
257 824 348 860 locis
372 824 571 864 inventum,
613 823 719 858 etiam
746 823 783 858 in
808 822 979 858 Ameriea
1002 822 1106 858 unico
1133 822 1213 858 loeo
1240 822 1420 869 provenit:
1461 826 1517 858 est
1542 826 1662 858 tamen
1690 822 1751 858 ob-

132 883 355 929 servandum,
382 883 516 919 formas
543 882 636 918 tales
662 882 770 918 facile
798 881 940 929 species
968 881 1155 918 distinctas
1183 893 1274 927 esse,
1306 892 1520 928 quamquam
1547 881 1659 917 satius
1687 892 1751 917 eas

131 943 340 981 contrahere
368 953 474 988 quam
502 940 724 987 distinguere
753 941 858 977 nobis
884 941 1000 977 visum
1033 944 1098 976 est.
1165 939 1356 988 Oonjicere
1396 940 1503 976 etiam
1541 952 1749 988 possumus,

131 1015 194 1040 eas
222 1002 382 1050 species,
424 1001 456 1037 si
487 1004 588 1036 extra
617 1001 804 1047 regionem
829 1000 1012 1047 propriam
1040 1000 1282 1047 inveniantm,
1326 999 1541 1036 adventitias
1574 1011 1672 1036 esse:
1713 999 1750 1035 id

131 1061 226 1109 quod
253 1062 298 1097 ob
326 1059 576 1097 commercium
603 1063 791 1106 terrarum⁷
819 1059 1000 1107 praecipue
1025 1059 1205 1096 Americae
1232 1062 1268 1095 et
1293 1059 1495 1106 peninsulae
1520 1059 1748 1106 Pyrenaicae,

131 1121 325 1158 verisimile
352 1122 417 1155 est.

287 1206 356 1242 Est
390 1205 554 1251 tandem,
596 1204 690 1252 quod
724 1216 909 1241 numerum
936 1205 1137 1252 specierum
1174 1204 1384 1250 afferamus,
1426 1215 1506 1251 quae
1541 1204 1589 1240 ad
1627 1216 1749 1241 unam-

129 1276 305 1313 quamque
331 1268 470 1313 partem
498 1264 596 1300 orbis
621 1268 795 1300 terrarum
821 1263 1008 1311 pertinent.

282 1343 325 1379 In
353 1343 505 1390 Europa
531 1341 657 1387 adhuc,
686 1340 804 1387 quoad
831 1340 1077 1388 cognovimus,
1106 1341 1248 1388 species
1275 1341 1320 1376 15
1347 1340 1587 1387 reperiuntur:
1615 1345 1651 1376 L.
1671 1354 1749 1377 ma—

127 1404 262 1445 rinum,
292 1403 532 1451 fimbriatum,
570 1401 842 1442 macrorhizum‚
869 1401 1124 1448 Zeiospermum,
1151 1400 1321 1441 medium,
1356 1400 1660 1448 heterospermum‚
1686 1414 1748 1436 ru-

121 1469 249 1511 pestre,
282 1463 473 1503 moricum,
514 1462 828 1509 trachyspermam,
869 1466 1072 1508 campestre,
1105 1472 1344 1508 purpureum,
1378 1459 1548 1501 salinum,
1589 1460 1748 1501 rubrum,

126 1522 376 1570 salsugineum,
402 1521 552 1569 seyetale.

276 1603 319 1639 In
344 1602 435 1637 Asia
469 1600 611 1648 species
645 1602 684 1636 9:
727 1606 760 1636 L.
795 1601 994 1642 marinum,
1026 1600 1199 1642 medium,
1237 1601 1540 1649 microspermum,
1579 1602 1747 1642 salinum,

128 1664 318 1704 azaricam,
345 1662 508 1702 rubrum,
536 1661 782 1708 salsuyineum‚
808 1661 960 1709 seqetale,
988 1660 1165 1696 emimiam.

280 1742 323 1778 In
354 1742 482 1791 Africa
522 1741 663 1788 species
694 1743 757 1778 10:
801 1747 834 1777 L.
863 1742 1127 1790 9Zamlulosum,
1168 1742 1367 1783 marinum,
1396 1742 1630 1790 fimbriatum,
1674 1756 1746 1778 me—

128 1804 240 1844 dium,
277 1803 578 1849 microspermum‚
625 1801 930 1849 heterospermum,
977 1808 1180 1849 campestre,
1220 1802 1390 1843 salinum,
1434 1802 1596 1843 rubrum,
1635 1802 1746 1837 salsu-

123 1863 276 1911 qimam.

280 1944 322 1980 In
361 1943 530 1979 America
570 1943 713 1990 species
740 1944 804 1979 15:
845 1943 889 1979 L.
922 1942 1214 1990 depauperatum,
1254 1942 1594 1983 Liebmannimzum,
1630 1955 1743 1990 pran-

127 2004 308 2044 dfflorum,
340 2003 613 2043 macroffleeum,
654 2003 879 2045 arenariam,
921 2003 1218 2050 trachysperonum
1231 2030 1238 2044 ‚
1280 2002 1388 2042 laeve,
1428 2002 1626 2042 marinum,
1665 2015 1744 2037 ma—

127 2063 337 2103 erorhizum,
363 2062 527 2103 rubram,
556 2061 812 2110 leiospermum,
839 2062 1013 2103 medium,
1040 2061 1208 2107 salinum,
1230 2074 1468 2109 purpureum,
1494 2067 1656 2108 rupestre.

282 2147 324 2183 In
348 2148 536 2183 Australz'a
563 2147 705 2195 species
734 2149 773 2184 3:
812 2148 858 2183 L.
890 2149 1195 2196 heterospermum‚
1223 2147 1420 2188 marinum,
1452 2146 1674 2195 brevffolz‘um.

276 2226 378 2262 Loca
409 2226 537 2273 igitur,
579 2238 659 2273 quae
690 2226 889 2274 Lepigonis
916 2226 1070 2262 maxime
1102 2226 1241 2270 favent,
1284 2227 1382 2260 sunt:
1425 2225 1463 2271 1)
1497 2222 1598 2269 regio
1633 2222 1742 2258 maris

125 2285 390 2331 mediterranei,
418 2285 479 2321 ubi
508 2287 552 2321 12
581 2286 722 2333 species
750 2289 831 2322 sunt
855 2285 1030 2332 inventae3
1056 2286 1092 2333 2)
1121 2284 1239 2331 campi
1265 2287 1300 2320 et
1324 2283 1446 2319 littora
1474 2281 1629 2318 civitatis
1657 2280 1740 2318 Chi-

123 2344 250 2391 lensis,
278 2344 372 2380 unde
400 2344 528 2381 saltem
558 2346 601 2380 11
630 2345 772 2392 species
798 2347 1000 2392 reportatas
1027 2343 1192 2380 vidimus.
