2188 3044
636 184 912 221 MONOGRAPHIA
947 192 1218 222 LEPIGONORUM.
1664 187 1684 221 9

120 287 280 323 minusve
307 286 508 322 rubescunt.
575 285 693 330 Quam
719 297 794 322 rem
821 286 948 333 figurae
974 286 1021 322 ad
1047 287 1166 322 vivum
1198 285 1318 323 colore
1349 285 1456 333 pictae
1495 286 1591 323 haud
1630 286 1736 323 dubie

122 345 248 382 melius
288 345 520 390 illustrarent,
562 356 652 391 quas
688 348 808 380 tamen
846 356 983 392 omnes,
1028 345 1225 393 completas
1266 349 1300 381 et
1338 345 1430 382 fidas
1465 357 1594 393 parare
1631 346 1736 382 nobis

121 416 191 441 non
219 404 380 450 contigit.

274 471 439 507 Stamina
465 482 611 507 numero
638 470 734 506 haud
759 483 840 508 raro
864 472 1016 514 variant,
1043 484 1075 506 v.
1097 483 1126 507 c.
1151 471 1187 506 in
1211 471 1390 518 Lepiyono
1414 472 1615 520 salsuqineo,
1643 473 1736 520 quod

120 543 142 567 a
165 530 335 568 Gussone
355 530 478 578 Lepz'gy.
501 530 693 566 diamlmwn
719 530 929 576 nominatur,
957 530 1018 566 ubi
1043 529 1122 576 duo,
1152 529 1305 576 quinque
1332 542 1363 564 v.
1388 530 1512 566 decem
1539 537 1735 568 occurrunt.

279 605 430 654 Capsula
457 606 572 641 forma
597 616 861 651 nonnumquam
887 606 1019 651 variat,
1051 616 1145 641 nunc
1178 605 1415 651 subglobosa,
1456 617 1549 643 nunc
1579 608 1736 655 oblonga

121 678 152 701 v.
190 668 306 702 ovata.

274 733 420 768 Semina
446 732 561 767 forma
588 730 683 777 apud
715 731 857 777 species
893 743 1030 778 paucas
1069 731 1215 779 paulum
1247 731 1404 777 variant3
1445 733 1476 768 si
1508 733 1606 770 alata
1642 735 1735 771 exsi-

120 796 232 838 stunt,
261 791 395 839 saepius
421 788 612 826 rotundata
638 793 674 825 et
700 790 927 837 complanata
953 790 1056 836 fiunt,
1086 790 1142 826 sin
1169 793 1287 826 autem
1315 790 1473 837 exalata,
1516 792 1562 828 ad
1588 793 1737 830 formam

119 852 327 898 triquetram
354 854 389 886 et
415 848 644 897 pyriformem
671 849 789 895 magis
815 849 980 896 tendunt3
1020 850 1220 895 tubercula,
1245 861 1326 896 quae
1357 850 1394 886 in
1427 851 1615 898 superficie
1642 864 1736 888 com-

120 911 273 959 phnium
300 912 450 954 exstant,
478 907 661 943 rarissime
689 908 942 944 oblitterantur.
990 908 1096 954 Quod
1123 908 1170 945 ad
1196 909 1291 945 alam
1319 910 1492 946 seminum
1519 911 1652 957 attinet,
1682 923 1737 948 se-

120 970 217 1006 mina
242 969 350 1005 laevia
377 967 579 1015 saepissime
612 966 722 1012 alata,
765 968 904 1003 semina
936 972 1054 1003 autem
1087 969 1310 1004 tuberculata
1336 969 1452 1005 rarius
1481 969 1578 1005 alata
1603 970 1736 1006 inveni-

121 1040 216 1075 mus3
247 1028 299 1064 sic
327 1028 434 1063 etiam
459 1026 631 1073 plurimas
659 1026 810 1073 species,
839 1026 935 1074 apud
961 1038 1051 1074 quas
1079 1028 1217 1064 semina
1244 1028 1341 1064 alata
1366 1039 1546 1075 nunquam
1573 1033 1655 1064 sunt
1677 1030 1737 1065 ob—

121 1091 282 1132 servata,
324 1087 407 1134 quia
437 1086 661 1122 tuberculata
693 1089 789 1132 simt,
828 1098 860 1121 v.
889 1098 917 1122 c.
945 1086 1067 1134 Lepiy.
1095 1088 1258 1128 rubrum,
1298 1088 1453 1135 εερεταῖε,
1491 1088 1738 1135 salsuyz'ozeum,

123 1153 324 1195 campestre,
353 1145 576 1193 bmvffolium,
606 1158 838 1193 purpureum,
865 1153 1028 1194 rupestre.
1092 1146 1134 1182 In
1161 1147 1324 1182 omnibus
1352 1147 1542 1194 speciebus
1568 1147 1738 1195 leiosper-

124 1206 206 1252 mis,
236 1209 385 1253 excepto
414 1205 501 1252 Lep.
528 1205 786 1252 microspermo,
819 1205 956 1241 semina
982 1206 1080 1241 alata
1106 1209 1188 1241 sunt
1213 1205 1367 1242 inventa.

274 1280 520 1326 Variationes,
542 1291 621 1327 quae
641 1291 660 1315 e
679 1280 832 1316 statione
849 1281 971 1317 herbae
990 1281 1250 1328 quodammodo
1268 1281 1425 1329 pendere
1442 1281 1617 1328 videntur,
1642 1287 1737 1319 sunt:

275 1348 436 1384 Dio-ectio
462 1348 579 1384 caulis.
606 1348 729 1396 Lepiy.
757 1349 995 1397 Zeiospermum
1022 1352 1058 1384 et
1083 1349 1171 1397 Lep.
1195 1350 1388 1391 marinum,
1415 1354 1454 1386 ut
1475 1349 1640 1397 quaedam
1658 1351 1738 1396 alia,

122 1409 256 1444 formas
285 1407 374 1443 duas
400 1408 551 1451 habent3
585 1418 694 1443 unam
721 1408 823 1443 caule
851 1408 1004 1456 simplici
1029 1408 1136 1455 plane
1164 1411 1283 1445 erecto
1312 1412 1347 1445 et
1373 1420 1479 1456 poene
1507 1410 1646 1456 stricto⁷
1689 1411 1739 1446 al-

123 1471 235 1503 teram
262 1466 369 1502 valde
402 1478 583 1502 ramosam
614 1466 767 1513 ideoque
802 1466 966 1503 diffusam
1006 1471 1042 1503 et
1074 1470 1300 1515 prostratam.
1366 1468 1408 1504 In
1446 1468 1565 1505 littore
1604 1469 1740 1505 marino

124 1525 294 1562 Bahusiae
321 1525 368 1561 ad
393 1525 599 1561 Marstrand
637 1537 694 1562 me
727 1526 957 1573 observante,
997 1526 1061 1562 illa
1093 1527 1208 1563 forma
1245 1527 1284 1563 in
1321 1526 1411 1563 locis
1443 1528 1622 1575 herbosis,
1663 1528 1740 1564 haec

124 1589 242 1621 autem
266 1585 305 1620 in
330 1585 420 1620 locis
448 1584 610 1631 gramine
638 1584 827 1622 denudatis
856 1585 1020 1622 occurrit.
1086 1585 1306 1622 Persuasum
1333 1587 1420 1622 mihi
1445 1586 1577 1634 habeo,
1620 1588 1740 1623 caules

125 1645 220 1680 illius
248 1644 352 1691 quasi
380 1643 479 1690 cogi,
509 1644 671 1690 gramine
699 1649 898 1691 crescente,
940 1649 978 1681 ut
1003 1657 1082 1681 cum
1110 1657 1152 1682 eo
1180 1645 1331 1692 gradum
1359 1646 1463 1693 quasi
1488 1646 1664 1693 aequalem
1690 1651 1740 1683 te-

125 1709 242 1740 neant.
296 1702 448 1739 Constat
476 1702 583 1747 enim,
618 1704 781 1749 arbores,
819 1717 852 1740 v.
881 1716 910 1740 c.
939 1704 1081 1752 species
1107 1704 1294 1751 Pinorum,
1337 1717 1417 1752 quae
1443 1706 1480 1742 in
1510 1706 1603 1742 silva
1629 1705 1739 1742 densa

125 1768 269 1799 trtmcos
297 1761 438 1798 strictos
467 1764 501 1797 et
529 1762 685 1808 graciles
714 1762 784 1798 cito
817 1763 973 1808 elevant,
1002 1775 1066 1800 seu
1098 1767 1285 1800 rarescunt
1312 1768 1347 1800 et
1373 1768 1479 1801 vento
1508 1768 1739 1812 exponuntm,

126 1834 191 1858 seu
216 1833 309 1857 rarae
335 1821 379 1856 ab
407 1820 507 1856 initio
536 1821 826 1868 disseminantur,
867 1822 1036 1869 humiles,
1077 1823 1294 1859 ramosiorcs
1328 1827 1363 1859 et
1401 1835 1507 1871 poene
1549 1823 1741 1871 depressas

125 1881 212 1916 fieri.
265 1880 323 1915 Ex
349 1880 417 1915 hoc
443 1880 545 1926 sequi
570 1880 719 1927 videtur,
748 1881 979 1918 directionem
1007 1883 1129 1928 caulis,
1160 1883 1254 1930 quod
1283 1884 1330 1919 ad
1355 1883 1422 1919 has
1449 1883 1583 1919 formas
1607 1882 1740 1925 attinet,

127 1939 318 1975 maximam
344 1943 483 1985 partem
512 1950 530 1974 e
558 1940 712 1976 statione
738 1940 906 1988 pendere.

290 2006 538 2042 Vestimentum
566 2008 683 2043 caulis.
748 2008 788 2045 Si
825 2009 871 2044 ad
898 2010 1119 2058 Lepiyomcm
1147 2012 1309 2052 rubrum,
1349 2010 1635 2057 vulgatissimam
1663 2020 1742 2056 spe—

129 2065 233 2111 ciem,
261 2065 416 2102 animum
442 2066 712 2113 attenderimus,
740 2068 846 2104 facile
872 2068 1081 2115 videbimus,
1110 2069 1202 2106 alias
1227 2070 1370 2115 formas,
1399 2081 1468 2116 quo
1494 2070 1611 2105 locum
1639 2067 1742 2103 aridi-

129 2135 226 2160 orem
254 2128 290 2159 et
315 2125 433 2171 magis
461 2125 621 2173 apricum
653 2126 806 2173 eligunt,
849 2138 891 2163 eo
923 2128 1042 2174 magis
1069 2128 1152 2176 pilis
1187 2129 1365 2174 obtectas,
1408 2133 1443 2164 et
1475 2128 1566 2163 alias
1593 2128 1741 2167 formas,

128 2183 208 2219 loco
236 2183 332 2218 salso
361 2187 396 2219 et
422 2184 565 2220 humido
599 2189 712 2230 ortas,
754 2186 955 2232 glabriores
987 2198 1078 2223 esse.
1144 2187 1222 2223 Nec
1252 2191 1371 2223 tamen
1398 2187 1541 2223 modum
1568 2185 1744 2232 quendam

130 2241 323 2285 excedunt,
365 2253 409 2277 ea
443 2243 534 2280 enim
568 2244 708 2291 species
735 2256 916 2291 nunquam
942 2246 1049 2292 plane
1076 2246 1244 2293 glabrata
1270 2246 1324 2291 fit,
1365 2250 1404 2281 ut
1430 2258 1461 2281 v.
1490 2257 1519 2281 c.
1546 2245 1632 2292 Lep.
1659 2245 1743 2280 salz·-

130 2313 227 2336 mcm.
284 2300 376 2336 Haec
403 2302 544 2348 species
570 2303 746 2339 interdum
774 2304 1029 2350 aliquantulum
1055 2308 1209 2340 mutatin·
1236 2309 1271 2340 et
1301 2304 1568 2351 pubescentiam
1601 2304 1744 2350 quibus-

132 2359 214 2395 dam
241 2359 402 2406 partibus
429 2359 557 2406 induit,
597 2362 629 2397 si
662 2362 742 2398 loco
770 2363 886 2399 minus
914 2363 1018 2399 solito
1046 2363 1189 2408 crescit,
1229 2374 1295 2399 nec
1322 2367 1441 2399 tamen
1468 2362 1573 2408 adeo,
1600 2366 1640 2398 ut
1667 2374 1745 2398 cum

130 2418 320 2465 Lepigono
348 2418 453 2453 rubro
481 2424 715 2465 comparetur.
780 2421 910 2458 Mirum
942 2426 1011 2467 est,
1040 2433 1102 2457 ctu·
1127 2422 1277 2458 vestitus
1303 2423 1415 2459 caulis
1441 2422 1479 2458 in
1504 2421 1618 2457 hortis
1644 2421 1744 2457 bota-

130 2477 222 2513 nicis
246 2477 384 2512 cultura
410 2487 536 2523 parum
562 2481 723 2515 mutetur.

298 2548 370 2572 Nova
387 2550 453 2573 Acm
471 2549 532 2581 Reg.
551 2550 608 2575 Soc.
627 2551 667 2576 Sc.
685 2551 759 2584 Ups„
781 2552 835 2578 me
857 2554 932 2580 serie.
1567 2553 1580 2573 2
