2188 3044
492 216 514 250 4
1072 209 1116 244 Ν.
1146 208 1187 245 C.
1215 208 1434 254 KINDBERG,

599 315 704 360 Quod
731 313 776 350 ad
804 309 947 358 species
978 309 1084 356 hujus
1124 309 1270 356 generis
1303 309 1442 356 attinet,
1477 310 1555 356 jam
1586 321 1608 345 a
1642 307 1840 352 veteribus,
1883 308 2065 356 ''patribus

445 372 728 418 botanieorum⁷’,
770 372 937 417 quattuor
962 372 1064 405 erant
1091 368 1279 404 distinctae.
1333 368 1555 416 Lepiyonum
1582 369 1763 404 marinum
1788 366 1950 413 Wahlb.,
1991 379 2064 403 nia-

447 432 631 481 gnitudine
658 429 811 466 maxime
839 427 1084 475 conspicuum,
1114 428 1180 463 sub
1207 427 1349 464 nomine
1378 427 1571 476 Sperqulae
1597 428 1758 463 marinae
1785 426 2002 474 descriptum
2031 431 2066 463 et

448 492 676 536 delineatum,
712 490 791 534 jam
818 486 915 534 apud
940 486 1241 535 Dalechampium
1267 486 1477 523 invenimus.
1542 486 1616 523 Alii
1642 487 1813 533 botanici,
1854 486 1914 533 qui
1939 490 2067 534 postea

447 555 529 587 ante
555 550 743 586 Linnaeum
769 547 948 592 vixerunt,
990 545 1140 582 eandem
1180 546 1338 593 speciem
1379 550 1580 592 servarunt,
1620 558 1653 582 v.
1681 558 1710 582 c.
1748 546 1914 582 Bauhini
1944 546 2064 591 ambo,

448 610 699 650 Hermannus,
726 607 858 656 Rajus,
885 606 1130 647 Ammannus,
1158 605 1376 653 Mammam,
1411 606 1674 654 Tourmfortius
1701 609 1737 641 et
1761 605 1955 647 Jussz'aezw,
1983 605 2065 640 Mo-

447 671 599 710 risomcs,
626 668 801 715 Ruppius.
855 665 1004 713 Species
1029 665 1152 711 altera,
1182 676 1287 711 quam
1315 664 1536 713 Lepiyonum
1562 666 1710 700 rubrum
1736 665 1799 700 Fr.
1827 664 2066 712 appellamus,

448 729 493 764 ab
528 728 560 764 I.
587 726 754 763 Baahiwo
794 725 860 762 sub
892 723 1034 760 nomine
1069 723 1261 772 Speryulae
1292 738 1495 773 purpureae
1534 735 1628 760 anno
1659 725 1753 760 1651
1794 723 1962 760 distincta
2003 727 2066 759 est.

448 787 623 823 Loeselius
650 785 757 821 etiam
786 787 893 819 antea
926 784 1034 829 (10510
1061 782 1229 830 Linnaeo)
1271 784 1421 820 eandem
1449 784 1607 832 speeiem
1633 787 1672 819 111
1699 783 1939 831 ”Polyyonum
1967 783 2068 831 foliis

444 846 638 895 yramineis
664 844 843 893 speryulae
870 841 1048 890 capitalis’'
1076 847 1323 889 proposuerat.
1376 843 1539 880 Tertiam
1566 843 1738 890 speeiem,
1768 842 1989 890 Lepiyorzum
2015 855 2066 878 se-

446 907 556 954 yetale
582 904 705 950 Koch,
733 906 772 938 ut
799 902 983 939 ’'Alsirzem
1009 902 1187 949 seyetalem
1210 903 1393 949 gramineo
1416 903 1507 952 folio
1530 903 1652 951 ylabro
1678 901 1902 944 multifloro'⁷‚
1929 913 1951 937 a
1980 902 2067 938 She-

449 965 570 1001 rardz'o
598 963 819 1008 distinctam,
861 962 966 997 affert
998 961 1115 1009 Rajus
1142 972 1235 997 anno
1266 963 1373 998 1704.
1441 962 1613 1008 Quartam
1639 961 1820 997 Dillem'us
1847 972 1940 997 anno
1970 962 2065 997 1719

448 1024 562 1070 addit,
604 1027 639 1059 et
670 1033 750 1057 eam
790 1021 1026 1069 ''Spevyztlam
1058 1020 1277 1056 maritimam
1314 1022 1397 1061 flore
1429 1034 1543 1070 parvo
1578 1021 1707 1057 semine
1732 1020 1850 1056 vari0’'
1891 1020 2068 1056 nominat:

448 1095 554 1131 quam
581 1082 689 1118 etiam
717 1081 834 1129 Rajus
861 1081 966 1116 affert
992 1084 1028 1116 et
1052 1084 1125 1115 tam
1152 1080 1245 1116 bene
1274 1080 1460 1127 describit,
1501 1084 1540 1116 111
1565 1080 1654 1117 nihil
1681 1080 1779 1116 dubii
1804 1083 1925 1116 restet.
1980 1078 2068 1127 Opi-

446 1153 581 1189 namur,
611 1140 762 1177 eandem
790 1141 947 1187 speciem
976 1151 1067 1186 esse,
1097 1151 1203 1186 quam
1231 1140 1469 1176 Hermannus
1497 1140 1604 1190 (anno
1635 1140 1747 1189 1687)
1789 1139 1961 1175 ''Alsinen
1987 1152 2067 1175 ma-

445 1203 605 1239 ritimam
632 1213 791 1236 annuam
820 1201 912 1248 flore
937 1200 1079 1235 rubente
1112 1203 1148 1234 et
1185 1198 1349 1247 Ruppius
1390 1199 1631 1235 ''Arenariam
1671 1199 1890 1234 maritimam
1918 1199 2068 1247 floribus

447 1260 656 1298 minoribus''
685 1259 878 1307 appellant.
943 1258 1165 1294 Persuasum
1195 1258 1384 1305 habemus,
1426 1271 1505 1295 eam
1531 1259 1681 1295 formam
1709 1258 1931 1306 Lepvyomwn
1956 1259 2067 1306 ‘neele—

449 1328 542 1357 ctum
560 1319 694 1356 Kindb.
723 1319 862 1361 sistere,
888 1318 1090 1366 praesertim
1117 1329 1225 1364 quum
1251 1318 1329 1354 haee
1355 1318 1392 1353 in
1417 1318 1508 1354 locis
1535 1317 1644 1353 salsis
1662 1317 1819 1365 Europae
1846 1317 1975 1354 mediae
1992 1318 2067 1354 vul-

447 1379 638 1427 gatissima
665 1378 807 1425 species
835 1378 882 1414 sit
908 1377 1084 1414 habenda.
1148 1376 1259 1414 Venit
1283 1382 1365 1413 tunc
1397 1377 1601 1413 Limzaeus:
1629 1377 1770 1425 speeies
1797 1380 1934 1413 tantum
1961 1377 2067 1425 duas,

448 1440 600 1475 Alsinerz
631 1439 809 1486 seyetalem
850 1441 885 1473 et
916 1438 1137 1474 Arenariam
1175 1437 1335 1478 rubram,
1377 1436 1529 1472 admisit.
1597 1436 1835 1484 ”Spergulam
1872 1436 2066 1472 marinam”

450 1497 649 1548 (Veterum)
680 1497 891 1533 varietatem
918 1496 1119 1532 Arenariae
1144 1497 1270 1532 rubrae
1295 1496 1470 1531 marinam
1497 1495 1702 1543 appellavit.
1757 1495 1873 1540 Quum
1902 1495 2069 1532 ’'Floram

448 1557 716 1605 Lapponicam⁷⁷
759 1557 962 1593 elaboraret
1004 1558 1040 1591 et
1068 1556 1162 1592 hanc
1193 1556 1343 1591 formam
1383 1555 1441 1591 vel
1467 1555 1586 1602 potius
1613 1555 1765 1590 formam
1791 1555 1998 1602 analogam,
2031 1555 2069 1591 in

447 1617 564 1664 patria
595 1616 850 1662 vulgatiorem,
885 1616 1107 1663 Lepiyonum
1137 1615 1377 1662 leiospermum
1404 1614 1553 1660 Kindb.,
1583 1615 1647 1650 sub
1676 1613 1789 1649 0011115
1813 1614 1977 1660 haberet,
2005 1625 2068 1650 110-

448 1687 529 1711 men
553 1676 755 1711 Arenariae
781 1676 982 1710 maritimae
1020 1674 1053 1709 ei
1084 1674 1266 1721 imposuit,
1308 1685 1351 1709 ex
1385 1684 1453 1720 quo
1487 1676 1651 1721 apparet,
1693 1672 1881 1708 Linnaeum
1914 1684 1992 1708 eam
2031 1677 2069 1709 ut

447 1735 628 1782 propriam
669 1735 826 1782 speeiem
866 1738 949 1770 tunc
984 1733 1197 1780 agnovisse,
1238 1733 1345 1768 etiam
1376 1732 1413 1768 111
1439 1732 1580 1779 itinere,
1622 1731 1717 1779 quod
1747 1732 1783 1767 in
1810 1732 2068 1779 Vestrogothia

448 1794 548 1841 fecit,
594 1805 674 1830 eam
709 1794 867 1841 speeiem
894 1797 975 1829 ante
1013 1793 1135 1829 0011105
1174 1793 1346 1829 habuisse
1377 1791 1529 1838 videtur,
1570 1791 1607 1827 id
1641 1791 1735 1838 quod
1772 1802 1792 1827 e
1828 1791 2067 1840 descriptione

448 1855 525 1900 ers
553 1857 721 1900 apparet3
750 1864 829 1889 eam
855 1858 975 1889 tamen
1000 1856 1039 1889 111
1064 1852 1275 1888 varietatem
1299 1851 1479 1898 insignem
1506 1850 1667 1897 adnotat,
1695 1855 1823 1898 postea
1844 1855 1962 1887 autem
1989 1853 2067 1899 ers

445 1913 498 1949 rei
530 1913 694 1949 oblivisci
720 1912 868 1948 videtur.
936 1911 1104 1949 Ceterum
1137 1911 1295 1959 speciem
1332 1910 1576 1946 Dillenianam
1614 1911 1822 1957 plerumque
1859 1911 2067 1957 neglexisse

446 1972 594 2008 videtur.
660 1972 780 2007 Aliam
809 1971 951 2018 quidem
979 1971 1137 2018 speeiem
1164 1971 1229 2006 5111)
1257 1970 1399 2005 1101111110
1426 1969 1626 2004 Arenariae
1653 1970 1786 2005 mediae
1811 1970 1976 2017 proponit
2002 1970 2067 2005 sed

449 2042 665 2080 synonyma,
708 2042 788 2077 (111εο
815 2030 862 2066 ad
899 2031 1109 2078 Speryulam.
1143 2029 1385 2077 pentandram
1418 2031 1597 2075 spectant,
1639 2028 1827 2064 manifeste
1855 2029 1949 2064 citat.
2015 2029 2066 2065 Ir-

449 2091 537 2127 ritus
564 2090 666 2126 labor
691 2094 747 2125 est
771 2090 964 2137 inquirere,
994 2101 1099 2136 quam
1120 2089 1281 2136 plantam
1307 2098 1508 2135 proponere
1534 2087 1699 2134 voluerit,
1727 2088 1920 2123 verisimile
1947 2090 2066 2125 tamen

447 2162 526 2185 eum
554 2149 644 2185 duas
672 2149 813 2197 speeies
841 2149 1056 2185 confudisse.

599 2208 768 2254 Vestigia
794 2208 936 2245 Linnaei
964 2212 1164 2255 sequentes,
1192 2205 1350 2243 botanici
1376 2205 1512 2252 posteri
1540 2206 1681 2252 speeies
1708 2206 1880 2243 Veterum
1907 2218 1978 2243 non
1998 2207 2065 2243 rite

447 2272 687 2315 agnoverunt,
716 2268 924 2315 priusquam
959 2268 1161 2315 IsValszeoy,
1189 2277 1282 2302 anno
1313 2266 1425 2309 1820,
1461 2263 1701 2312 descriptione
1732 2277 1798 2301 sua
1825 2266 2003 2313 completa
2030 2271 2066 2303 et

445 2328 607 2375 perfecta
634 2327 791 2374 speeiem
817 2327 915 2363 illam
940 2327 1224 2374 antiquissimam
1248 2325 1313 2361 sub
1332 2323 1473 2360 nomine
1492 2323 1668 2372 Lepz'fsom'
1692 2325 1827 2360 marini
1851 2325 2062 2361 restitueret.

446 2386 599 2422 Constat
625 2386 784 2433 quidem,
813 2387 1034 2422 Arenariam
1060 2386 1212 2422 mediam
1238 2384 1338 2419 Pers.
1368 2387 1404 2419 et
1429 2384 1650 2419 Arenariam
1676 2384 1917 2431 maryinatam
1946 2383 1992 2419 D.
2022 2383 2062 2421 C.

445 2445 595 2481 eandem
623 2445 781 2492 speciem
808 2456 907 2491 esse3
935 2445 1023 2482 illud
1049 2448 1167 2481 autem
1192 2454 1321 2479 nomen
1348 2442 1395 2478 ad
1422 2454 1646 2491 synonymon
1673 2443 1802 2479 falsum
1827 2442 2062 2479 Linnaeanum

443 2509 598 2550 spectat,
628 2505 696 2540 hoc
730 2515 800 2540 non
828 2508 950 2552 aptum
977 2508 1042 2541 est.
1095 2502 1248 2551 Jacqain
1276 2503 1497 2539 Arenariam
1521 2503 1770 2550 ylandzclosam
1811 2502 2061 2552 (Lepiyonum

442 2565 689 2610 ylandulosum
715 2565 830 2613 nob.),
873 2564 1030 2611 speeiem
1056 2575 1186 2600 novam
1213 2563 1433 2608 Africanam,
1473 2561 1663 2609 descripsit
1690 2565 1725 2597 et
1751 2562 1841 2598 bene
1870 2561 2062 2597 delineavit
