2188 3044
506 416 572 473 M
597 416 648 473 O
673 416 732 474 N
758 416 810 473 Ο
835 416 891 475 G
913 418 973 476 R
994 419 1053 476 A
1075 418 1125 476 P
1142 418 1207 477 H
1229 420 1260 478 I
1282 422 1339 479 A

618 545 838 592 GENERIS
874 546 1242 595 LEPIGONORUM

858 647 997 667 AUCTORE

679 715 724 746 N.
748 714 886 748 GONR.
914 715 1174 749 KIN'DBERG.

614 865 643 904 Ι.
695 863 931 905 GENERIS
961 863 1239 906 HISTORIA.

119 936 461 992 Inerebescentibus
482 954 561 1001 jam
586 953 703 990 indies
731 954 933 1001 specierum
955 964 1127 990 novarum
1146 953 1456 1002 descriptionibus,
1484 955 1551 992 has
1574 956 1611 991 in
1629 956 1739 993 variis

122 1013 305 1062 opusculis
333 1013 518 1061 dispersas
544 1013 758 1060 recolligere
794 1017 829 1049 et
865 1012 1068 1049 accuratius
1109 1024 1319 1061 comparare
1358 1025 1510 1051 necesse
1548 1018 1619 1061 est,
1661 1027 1740 1052 cum

119 1073 257 1110 eaedem
283 1073 419 1109 formae
446 1073 492 1109 ab
527 1073 609 1109 aliis
635 1073 853 1109 Auctoribus
880 1072 947 1108 sub
975 1072 1058 1108 aliis
1084 1073 1286 1110 nominibus
1314 1085 1414 1121 saepe
1441 1073 1632 1122 descriptae
1659 1075 1739 1111 sint.

122 1132 204 1178 Qua
229 1132 368 1169 ratione
395 1132 522 1168 ductus
549 1131 645 1168 haud
671 1131 899 1168 temerarium
926 1143 1017 1179 opus
1042 1132 1159 1168 visum
1186 1136 1243 1169 est
1268 1132 1569 1180 Monographiam
1596 1134 1741 1181 generis

120 1192 388 1240 Lepigonorum
415 1192 600 1239 suscipere
627 1195 663 1227 et
688 1192 726 1227 in
752 1202 859 1227 unum
886 1191 1049 1227 conferre
1077 1191 1196 1227 omnia
1226 1191 1263 1227 in
1291 1192 1445 1228 diversis
1476 1193 1581 1230 terris
1619 1194 1739 1230 obser-

122 1256 225 1297 vata,
253 1252 462 1299 priusquam
488 1250 525 1286 in
551 1254 689 1286 tantam
714 1251 846 1287 molem
873 1254 909 1286 et
942 1250 1046 1297 quasi
1072 1250 1279 1297 congeriem
1306 1256 1488 1299 crescant,
1528 1256 1567 1288 ut
1598 1252 1742 1289 difficile

124 1311 171 1347 sit
198 1310 355 1356 definire,
398 1310 574 1357 quomodo
603 1310 753 1357 quisque
780 1309 921 1357 species
950 1321 972 1345 a
1003 1321 1043 1346 se
1069 1310 1275 1358 propositas
1302 1311 1518 1347 limitaverit.
1584 1311 1742 1348 Accura*

121 1370 193 1405 tius
221 1370 315 1405 enim
342 1369 543 1417 specierum
570 1369 725 1405 studium
750 1369 954 1415 neglectum
981 1372 1050 1415 est,
1080 1368 1194 1406 donec
1213 1370 1259 1407 ab
1283 1369 1486 1417 Arenariis,
1515 1381 1595 1407 cum
1615 1371 1742 1418 quibus

120 1432 203 1465 ante
228 1428 478 1465 Haworthium
505 1432 541 1465 et
566 1428 745 1465 Friesium
772 1429 973 1475 conjunctae
998 1429 1149 1475 fuerunt,
1175 1429 1222 1465 ad
1242 1429 1447 1466 distinctum
1472 1441 1588 1477 genus
1607 1430 1742 1467 relatae.

274 1487 398 1523 Missis
426 1488 589 1523 obscuris
617 1491 653 1523 et
680 1489 725 1524 ab
753 1487 919 1524 omnibus
944 1488 1071 1524 merito
1097 1488 1276 1535 neglectis
1307 1489 1511 1525 nominibus
1549 1489 1669 1525 Budae
1708 1494 1744 1526 et

127 1547 233 1583 Tissoe
260 1547 435 1582 Adanson
474 1546 645 1596 (Famill.
674 1547 706 1582 d.
726 1548 867 1595 plantes
893 1546 1031 1597 1763),
1075 1559 1155 1594 quae
1182 1559 1202 1583 e
1230 1548 1440 1596 synonymis
1465 1548 1535 1584 huc
1562 1552 1743 1597 spectant,

124 1606 190 1643 sed
215 1618 330 1654 neque
358 1606 514 1652 definita,
542 1617 609 1642 nec
635 1606 727 1641 inter
753 1617 794 1642 se
816 1605 961 1642 diversa
979 1609 1070 1653 sunt,
1093 1606 1326 1644 Haworthius
1353 1607 1446 1658 (syn.
1465 1608 1744 1658 pl.succ.1812)

123 1666 259 1713 primus
294 1677 410 1712 genus
443 1665 651 1702 distinxisse
683 1665 824 1702 videtur
850 1666 916 1702 sub
943 1666 1086 1702 nomine
1114 1666 1330 1715 Stz'pulariae.
1391 1667 1473 1704 Hoc
1498 1678 1585 1704 vero
1616 1679 1746 1704 nomen

124 1729 162 1761 ut
182 1726 259 1772 jam
285 1725 424 1772 pridem
452 1725 514 1762 alii
544 1725 809 1761 Rubiacearum
841 1725 968 1772 generi
1007 1724 1225 1773 adscriptum
1266 1727 1405 1762 servari
1442 1727 1575 1774 nequit.
1643 1726 1744 1774 Opus

123 1784 306 1821 laudatum
332 1784 535 1820 Haworthii
561 1784 623 1820 vix
661 1785 698 1820 in
729 1784 877 1831 Europa
906 1784 1139 1820 continentali
1177 1785 1344 1831 innotuit,
1385 1786 1592 1833 priusquam
1631 1786 1746 1823 altera

124 1844 243 1892 operis
270 1844 379 1880 editio
410 1845 504 1880 1819
532 1843 726 1892 publicata.
789 1842 909 1889 Hujus
940 1843 1050 1890 igitur
1076 1844 1220 1880 nescius
1249 1844 1325 1881 Cel.
1354 1845 1455 1881 Fm'es
1494 1845 1590 1881 idem
1629 1857 1744 1892 genus

129 1906 223 1940 1817
251 1904 438 1951 proposuit
464 1903 530 1939 sub
557 1903 700 1939 nomine
727 1902 911 1951 Lepiyoni‚
939 1903 985 1938 ab
1013 1903 1176 1939 omnibus
1203 1904 1309 1940 facile
1335 1908 1532 1951 receptum,
1571 1904 1684 1940 donec
1712 1904 1744 1940 d.

125 1963 320 1999 Endlz‘cher
357 1963 394 1998 in
427 1962 553 1998 Gener.
582 1964 697 2010 plant.
732 1964 827 1998 1836
893 1962 1120 1999 Preslianum
1159 1974 1289 1999 nomen
1320 1963 1510 2000 Friesiano
1548 1964 1744 2010 recentius,

128 2023 198 2065 (Fl.
227 2021 335 2058 Oeeh.
367 2023 479 2068 1819)
507 2022 673 2069 prae‘culit.
726 2020 811 2057 Jam
836 2033 923 2057 vero
954 2023 1049 2057 1829
1080 2022 1131 2058 St.
1159 2022 1306 2058 Hilaire
1333 2026 1368 2058 et
1401 2023 1633 2059 Cambessddes
1674 2023 1720 2069 (F
1722 2023 1744 2059 l.

125 2081 243 2126 Bras.)
284 2081 355 2117 alio
384 2092 493 2117 sensu
516 2081 573 2116 usi
609 2085 705 2126 sunt,
747 2080 794 2116 ad
826 2080 1025 2128 Spergulas
1052 2081 1228 2128 genuinas
1256 2081 1500 2117 extendentes.
1557 2082 1631 2119 Alii
1657 2086 1745 2119 tam-

129 2152 235 2187 quam
262 2140 406 2186 generis
432 2140 627 2176 Auctorem
654 2140 764 2175 citant
790 2140 1024 2176 Persoonium
1051 2140 1153 2188 (Syn.
1181 2141 1333 2190 Plant.);
1373 2152 1496 2176 verum
1524 2140 1665 2187 quidem
1692 2145 1747 2176 est

129 2198 279 2235 eundem
307 2209 422 2244 genus
450 2199 633 2245 odorasse,
661 2203 699 2235 at
725 2199 859 2235 nullum
887 2210 1002 2245 genus
1029 2200 1095 2235 sub
1122 2199 1190 2235 hoc
1216 2199 1358 2235 nomine
1384 2199 1585 2246 proposuit,
1613 2200 1746 2235 nullum

129 2258 372 2294 characterem
402 2257 500 2293 dedit
541 2258 591 2308 (v.
621 2270 650 2294 6.
684 2258 914 2294 essentialem
947 2270 967 2294 e
1000 2258 1149 2305 capsula
1174 2257 1336 2307 trivalvi)
1376 2269 1443 2293 1166
1474 2258 1540 2294 rite
1572 2259 1744 2295 limitavit.

129 2316 358 2361 Persoonius,
388 2317 447 2362 qui
473 2317 596 2352 stricte
622 2317 769 2363 regulas
794 2317 1015 2353 Linnaeanas
1042 2317 1079 2352 in
1102 2316 1305 2352 nominibus
1323 2316 1527 2364 formandis,
1555 2329 1747 2365 numquam

129 2381 309 2422 tamquam
337 2375 542 2421 generieum
568 2375 625 2411 his
653 2376 743 2412 adeo
772 2376 974 2423 oppositum
1004 2375 1219 2411 admisisset.
1260 2374 1355 2411 Hinc
1381 2376 1578 2423 prioritatis
1604 2377 1747 2424 legibus

130 2435 272 2480 ductus,
314 2445 393 2469 cum
426 2433 630 2480 Stipulariae
657 2435 795 2470 servari
826 2439 997 2482 nequeat,
1036 2446 1108 2471 non
1140 2433 1239 2480 potui
1265 2445 1336 2470 non
1363 2435 1533 2482 optimum
1561 2440 1596 2472 et
1623 2437 1747 2473 chara-

131 2493 348 2529 cteristicum
377 2493 551 2540 Lepiyom’
575 2504 705 2528 nomen
730 2494 837 2540 tueri,
879 2506 958 2530 cum
992 2494 1138 2540 insuper
1164 2493 1239 2528 fere
1266 2504 1390 2530 omnes
1418 2495 1559 2541 species
1587 2496 1653 2534 sub
1680 2496 1748 2533 hoc

132 2565 155 2588 a
180 2553 305 2600 primis
331 2551 575 2588 inventoribus
602 2550 803 2598 descriptae.
