2188 3044
495 196 541 230 22
1076 191 1120 227 N.
1150 190 1190 228 O.
1218 190 1437 236 KINDBERG,

603 294 785 332 Arenaria
800 292 986 340 fimbriata
1011 291 1205 328 Salzmann
1231 292 1270 326 i‘n
1297 292 1348 327 hb.
1375 291 1470 326 illus.
1497 291 1616 327 Paris.
1644 301 1715 327 seo.
1742 288 1776 326 J.
1804 290 1943 337 Lange.

604 361 834 410 Spergyularia
862 359 1049 407 fimbriata
1087 359 1204 395 Boiss.
1235 362 1271 394 ct
1296 358 1431 394 Reuter
1472 358 1511 393 in
1539 359 1652 394 Boiss.
1680 359 1799 406 dz'ayn.
1824 358 1875 405 pl.
1903 370 1978 393 rnov.
2004 370 2068 393 ser.

451 424 534 459 2:0la
561 434 618 457 wo
640 422 670 461 I,
704 434 742 468 p.
770 419 820 455 94
849 418 1009 468 (1853).

604 488 690 524 Icon
716 490 840 523 nostra
870 490 893 521 t.
921 485 953 532 I,
987 486 1009 521 f.
1040 488 1071 521 7.

602 557 696 594 Hab.
724 558 761 593 in
787 557 974 593 maritimis
994 556 1162 605 Europae
1188 554 1560 592 austro-occidentalis
1584 554 1776 601 rarissime,
1804 558 1843 590 ut
1865 553 1911 590 ad
1927 553 2070 591 Gades:

456 620 507 667 (J.
540 618 667 665 Lanye
706 621 742 653 et
781 617 831 653 hb.
872 616 992 666 Fries)
1034 615 1081 651 acl
1108 615 1292 652 Gibraltar
1332 614 1549 663 (Salzmann
1581 614 1619 648 in
1646 614 1696 649 hb.
1724 613 1819 648 Mus.
1847 614 1966 649 Paris.
2000 624 2070 649 sec.

453 678 616 726 Lange),
657 677 765 712 etiam
791 676 829 712 in
856 676 984 724 Africa
1012 675 1059 710 ad
1086 673 1281 721 Tingiclem
1322 674 1452 716 (Boas.
1485 673 1508 708 l.
1538 676 1583 718 e.)
1625 676 1659 708 ei
1691 673 1728 708 in
1753 673 1879 708 insulis
1906 672 2072 709 Canariis

457 739 686 788 (Despreaum
712 737 751 771 in
778 736 829 771 hb.
859 734 1024 782 Sonder).

607 804 726 840 Radix
753 814 878 839 crassa
909 804 1077 849 perennis
1109 799 1335 836 multicaulis.
1403 798 1536 836 Caules
1578 799 1772 846 aggregati
1812 800 1957 835 altiores
1993 810 2074 846 pro-

457 866 665 903 cumbentes
686 876 719 899 v.
740 862 927 907 suberecti,
957 872 1110 908 superne
1137 860 1244 895 valde
1270 858 1413 904 ramosi,
1441 858 1541 894 initio
1569 861 1711 904 teretes,
1741 858 1880 894 demum
1900 858 2076 905 quadran-

458 925 621 972 gulares,
649 922 776 969 glabri.
830 920 935 956 Folia
969 919 1196 966 complanata
1221 919 1386 964 linearia,
1417 921 1532 963 acuta,
1559 921 1777 964 mucronata,
1806 917 2076 964 glaucescentia

459 984 604 1032 glabra,
632 981 842 1017 internodiis
869 979 1125 1027 approximatis
1152 979 1226 1014 fere
1258 978 1433 1024 longiora.
1500 976 1649 1023 Stipulae
1687 977 1759 1013 late
1787 977 2077 1023 ovato—oblongae

459 1042 680 1082 acuminatas.
710 1051 809 1087 saepe
835 1039 976 1084 lacerae,
997 1038 1185 1084 fulgentes.
1226 1036 1425 1073 Pedunculi
1451 1036 1599 1072 floriferi
1617 1036 1712 1072 foliis
1732 1036 1900 1081 destituti,
1930 1035 2080 1082 capsula

459 1101 636 1139 interdum
664 1099 771 1146 duplo
798 1098 993 1145 longiores.
1032 1097 1166 1144 Sepala
1193 1096 1569 1142 oblongo-lanceolata
1597 1096 1734 1141 obtusa,
1762 1095 1926 1142 margine
1952 1106 2078 1142 parum

462 1162 634 1199 scariosa.
674 1159 804 1195 Petala
830 1158 902 1193 late
930 1160 1038 1193 ovata
1065 1157 1203 1201 obtusa,
1233 1156 1381 1203 calycem
1410 1155 1616 1196 excedentia,
1643 1155 1797 1190 lilacina.
1842 1153 2002 1202 Capsula
2024 1157 2081 1189 sat

461 1232 610 1267 magna,
651 1218 776 1265 calyce
812 1217 968 1260 brevior,
1011 1219 1117 1252 ovata
1144 1216 1281 1251 obtusa.
1336 1214 1481 1251 Semina
1505 1213 1611 1261 nigra
1637 1214 1743 1250 laevia
1771 1214 1997 1261 complanata
2022 1223 2079 1248 ro-

463 1280 621 1324 tundata,
649 1277 814 1323 margine
840 1287 966 1324 parum
994 1275 1133 1310 elevato
1161 1278 1196 1310 et
1228 1274 1287 1310 ala
1327 1273 1467 1309 demum
1508 1273 1679 1320 eleyanter
1707 1273 1890 1321 fimbriata
1928 1271 2081 1320 praedita

465 1342 517 1388 (v.
546 1340 620 1375 sice.
648 1339 715 1385 sp.)

616 1405 650 1442 A
678 1404 856 1452 Lepiyono
882 1403 1034 1450 rupestri
1069 1406 1103 1437 et
1131 1402 1173 1437 L.
1200 1401 1424 1441 macrorhiw,
1462 1399 1570 1435 valde
1599 1400 1794 1444 similibus,
1835 1400 1913 1435 haec
1940 1398 2081 1446 species

465 1466 574 1513 igitur
600 1463 781 1512 praecipue
807 1462 1006 1508 discrepat:
1034 1461 1129 1496 foliis
1147 1460 1385 1507 longioribus,
1414 1459 1610 1495 seminibus
1629 1459 1865 1506 complanatis
1883 1456 2082 1494 rotundatis

467 1536 565 1573 saepe
590 1521 906 1566 fimbriato-alatis,
934 1519 1065 1567 petalis
1094 1519 1220 1567 sepala
1247 1518 1507 1566 superantibus.

886 1652 917 1686 6.
970 1650 1193 1685 LEPIGONUM
1228 1655 1493 1683 MACRORHIZUM
1541 1645 1658 1695 (Req.)

622 1727 768 1765 Semina
792 1728 864 1763 late
893 1728 1058 1773 obovata,
1098 1725 1262 1771 margine
1303 1724 1443 1759 elevato
1482 1722 1659 1758 interdum
1699 1722 1881 1758 crenulato
1920 1721 2083 1769 praedita.

471 1788 631 1836 Capsula
659 1787 783 1835 calyce
809 1787 961 1822 brevior.
1014 1784 1214 1822 Peclunculi
1240 1783 1335 1819 foliis
1362 1783 1450 1823 fulti.
1480 1782 1629 1829 capsula
1655 1782 1730 1817 fere
1758 1781 1865 1829 duplo
1891 1780 2084 1827 longiores.

470 1848 620 1896 Stipulae
647 1858 666 1882 e
692 1846 773 1882 basi
799 1846 873 1881 lata
898 1845 1008 1891 longe
1035 1848 1198 1880 exsertae.
1250 1842 1369 1878 Radix
1396 1853 1522 1878 crassa
1546 1841 1725 1888 perennis.

624 1923 807 1960 Arenaria
834 1922 1055 1957 macrorlzz‘za
1080 1920 1170 1967 Req.
1198 1922 1236 1956 in
1265 1920 1358 1955 Lois.
1385 1933 1485 1955 nom).
1514 1925 1582 1953 not.
1625 1916 1752 1967 (1827)
1791 1917 1844 1952 22
1870 1923 1901 1951 et
1932 1915 2025 1951 Gall.
2054 1916 2085 1951 Ι.

466 2000 504 2035 p.
531 1984 619 2020 322.
670 1982 802 2018 Bertol.
829 1983 862 2022 fl.
889 1981 961 2016 παῖ.
988 1979 1060 2015 IV.
1092 1979 1165 2015 687
1199 1981 1241 2027 (p
1267 1981 1358 2027 pl).

627 2049 856 2098 Speryularia
875 2048 1095 2083 macoma-hiza
1123 2046 1232 2082 Gren.
1254 2051 1288 2081 et
1314 2045 1426 2082 Godr.
1454 2044 1516 2080 Fz.
1544 2044 1606 2079 Fr.
1634 2043 1671 2084 I,
1697 2042 1786 2078 276.

627 2118 849 2166 Lepiyonum
875 2115 1131 2150 macrorlzz‘zmn
1159 2114 1293 2149 Kindb.
1336 2113 1423 2161 Syn.
1450 2112 1535 2160 Lep.
1559 2125 1598 2159 p.
1625 2110 1681 2146 13.

629 2186 715 2222 Icon
741 2188 865 2220 nostra
896 2183 968 2218 tab.
995 2182 1022 2219 I.
1055 2183 1077 2218 f.
1107 2184 1138 2218 8.

627 2261 779 2299 Habitat
817 2260 854 2296 in
880 2258 994 2306 pratis
1033 2257 1219 2294 maritimis
1258 2256 1388 2292 insulae
1414 2253 1576 2291 Corsicae
1616 2253 1800 2303 (Re‘quien
1831 2255 1870 2290 in
1902 2256 1952 2291 hb.
1992 2255 2087 2291 Mus.

479 2324 617 2362 Paris.‚·
649 2321 799 2356 Grenier
825 2320 864 2355 in
890 2318 940 2353 hb.
969 2317 1103 2365 Fries),
1145 2316 1192 2352 ad
1217 2315 1389 2360 Lavesio,
1444 2313 1527 2362 (De
1554 2314 1705 2349 Pouzolz
1733 2320 1764 2349 et
1790 2313 1947 2362 Re'quifm
1974 2315 2012 2350 in
2038 2315 2088 2350 hb.

480 2383 573 2419 Mus.
602 2381 739 2418 Ber-ol.)

631 2456 733 2494 Var.
773 2453 967 2490 seminibus
996 2453 1114 2499 alatis,
1142 2453 1288 2489 floribus
1313 2451 1421 2499 paulo
1447 2449 1652 2486 minoribus.

633 2523 815 2560 Arenaria
840 2521 948 2556 rubra
974 2520 1003 2564 β
1030 2522 1143 2557 media
1167 2520 1283 2567 P'opp.
1312 2519 1383 2554 coll.
1403 2519 1455 2566 pl.
1482 2517 1557 2553 chil.
1587 2518 1668 2553 131.
