2188 3044
501 201 550 235 44
1065 198 1109 234 N.
1145 197 1186 235 O.
1219 199 1440 246 KINDBERG,

453 300 619 347 Nevada,
650 300 897 336 6500—7500
925 311 959 346 p.
987 299 1046 335 alt.
1088 300 1212 350 (Boiss.
1241 301 1261 336 l.
1288 301 1350 350 c.);
1395 300 1517 336 Gallia
1542 301 1662 337 multis
1688 301 1725 337 in
1751 301 1855 348 locis,
1896 313 1928 337 v.
1955 313 1984 338 c.
2013 301 2061 338 ad

451 360 613 397 Parisios
641 359 796 406 (Greene
822 358 860 393 in
887 358 938 393 hb.
966 358 1098 409 Fides),
1137 359 1174 395 in
1201 359 1410 407 Galloprov.
1449 359 1604 405 (Jordan
1629 360 1670 396 in
1695 362 1746 396 kb.
1771 361 1902 407 Fffles),
1940 360 2060 408 Anjou

453 424 489 456 et
513 419 618 467 Lyon
646 417 710 467 (lib.
738 417 871 464 lfa-ies),
910 417 1056 453 Falaise
1085 418 1384 468 (Lenormancffl),
1424 417 1544 454 Tivoli
1570 418 1607 454 in
1634 418 1713 467 dep.
1744 419 1851 456 Indre
1890 423 1926 456 et
1951 420 2060 457 Loire

453 478 660 527 (Delamzay
686 476 725 512 in
743 476 856 511 Billot
871 477 919 524 fl.
934 477 1017 524 yall.
1038 484 1068 513 et
1089 491 1198 526 yerm.
1218 477 1300 527 ems.)
1327 477 1460 513 Arbois
1477 488 1553 524 reg.
1572 476 1712 514 Jurass.
1739 478 1915 528 (Garnier
1931 479 2059 529 11351)

450 536 559 581 Eine,
587 534 702 571 Aelou
743 535 985 584 (Mazbmmhe
1010 537 1049 572 in
1075 537 1170 573 Puel
1195 544 1225 572 et
1250 537 1374 573 Maiae
1400 537 1488 572 herb.
1517 537 1576 572 loc.
1599 537 1653 585 fr.
1677 549 1709 572 n.
1739 539 1845 586 215);
1884 541 2061 585 praeterea

451 595 487 630 in
513 594 644 630 Sibiria
669 594 827 630 uralensi
853 594 923 642 leg.
952 596 1097 644 Lessiozy
1124 597 1189 642 (hb.
1216 596 1342 645 Fries).

601 652 720 690 Radix
751 653 867 690 tenuis
899 655 974 690 fere
1008 655 1161 702 simplex
1192 667 1319 691 annua.
1385 653 1519 692 Oaules
1553 653 1753 690 tenuissimi
1792 654 2060 703 subfiliformes,

451 713 658 760 plerumque
684 712 834 748 humiles
866 713 931 749 sed
963 714 1139 750 interdum
1174 714 1423 761 spithamales,
1466 713 1578 749 stricti
1618 713 1737 760 glabri
1775 713 2061 760 glaucescentes.

451 771 556 808 Folia
588 771 989 819 eylindrico—filiformia
1014 773 1188 819 subulata⁷
1226 773 1309 810 laete
1348 773 1500 810 virentia
1537 784 1571 808 v.
1609 773 1768 808 rubenti·
1775 772 2059 821 glaucesoentia,

451 830 594 877 glabra,
622 831 830 867 internodiis
857 832 931 867 fere
957 832 1137 879 longiora,
1163 832 1398 869 subsecunda.
1442 830 1591 879 Stipulae
1618 831 1953 868 ovato-lanceolatae
1979 844 2061 870 acu-

451 889 595 926 minat-ae
619 890 750 926 lacerae
775 890 907 926 uitidae.
960 891 1134 927 Panicula
1161 892 1307 939 aphylla
1334 894 1369 927 et
1394 891 1499 927 valde
1527 890 1742 926 divaricata:
1781 890 1972 938 pedunculi
2003 903 2061 929 ca-

451 948 613 996 piHares,
655 950 804 997 capsula
836 961 934 997 saepe
961 949 1158 997 quadruplo
1189 950 1383 997 longiores.
1437 950 1570 997 Sepala
1599 949 1801 985 lanceolata
1826 953 1942 997 acuta,
1970 962 2062 987 mar-

451 1007 536 1054 gine
562 1008 737 1044 latissime
764 1009 940 1054 scariosa,
978 1020 1088 1044 nervo
1125 1009 1333 1057 plerumque
1361 1009 1438 1045 solo
1465 1009 1642 1045 herbaceo
1669 1011 1705 1044 et
1731 1008 1880 1045 elevato.
1933 1009 2063 1046 Petala

450 1067 609 1114 oblonga
634 1068 773 1109 obtusa,
799 1068 953 1104 medium
980 1067 1115 1115 calycis
1142 1068 1365 1116 attingentia,
1394 1067 1524 1104 albida.
1568 1066 1729 1115 Capsula
1746 1067 1984 1104 minutissima
2001 1080 2059 1105 ca-

450 1126 568 1174 lycem
594 1138 750 1174 aequans,
778 1126 1092 1163 rotundato-ovata
1119 1127 1256 1163 obtusa.
1311 1127 1457 1165 Semina
1487 1126 1724 1163 minutissima
1749 1127 1873 1174 grisea
1898 1128 2061 1164 tubercu—

450 1185 525 1222 lata
550 1186 825 1234 subpyriformia
850 1186 1102 1233 immarginata
1128 1186 1272 1222 exalata
1302 1187 1350 1235 (v.
1376 1200 1401 1222 s.
1428 1186 1496 1235 sp.)

605 1253 698 1290 Haec
725 1254 865 1301 species
893 1254 1170 1300 distinctissima‚
1199 1265 1279 1300 quae
1306 1254 1456 1290 Alsinen
1481 1254 1698 1303 temnfoliam
1723 1253 1829 1290 valde
1851 1255 1969 1301 refert,
1996 1267 2062 1303 pro

450 1311 566 1358 gradu
591 1312 710 1349 infimo
738 1313 882 1360 generis
908 1313 1175 1361 Lepigonorum
1201 1313 1327 1349 merito
1361 1313 1545 1349 habeatur.
1610 1313 1689 1350 Nec
1719 1316 1839 1349 tamen
1866 1314 2061 1351 sectionem

451 1371 631 1418 propriam
658 1372 780 1418 efficit,
814 1372 968 1409 vidimus
995 1372 1089 1408 enim
1120 1384 1264 1419 nexum,
1306 1383 1374 1419 quo
1402 1372 1480 1408 haec
1507 1372 1648 1420 species
1676 1373 1757 1409 aliis
1784 1374 2060 1421 congeneribus,

449 1442 481 1466 v.
500 1442 528 1467 c.
549 1431 591 1466 L.
612 1432 910 1473 Liebmcmoziano,
937 1432 980 1467 L.
999 1432 1207 1479 salwyineo,
1235 1432 1277 1467 L.
1297 1432 1555 1480 microspermo,
1583 1432 1626 1468 L.
1647 1445 1845 1481 purpureo,
1872 1433 2061 1480 conjuncta

451 1493 519 1536 est,
550 1501 569 1526 e
595 1491 722 1538 quibus
749 1490 891 1538 species
917 1490 1040 1527 ordine
1066 1490 1190 1527 ultima
1216 1490 1370 1527 maxime
1399 1490 1446 1526 ad
1472 1491 1593 1540 Lepiy.
1620 1493 1767 1528 rubrum
1797 1495 1945 1539 spectat.

814 1572 947 1621 Species
974 1585 990 1608 e
1013 1585 1136 1620 yenere
1166 1571 1422 1619 Lepiyonorum
1450 1572 1691 1608 excludendae.

601 1640 819 1688 Lepiyonum
845 1640 1092 1688 molluyz'neum
1116 1638 1192 1675 Ind.
1220 1639 1308 1674 hort.
1336 1638 1428 1686 Ups.
1458 1639 1605 1689 (Kindb.
1634 1639 1727 1689 syn.)
1767 1639 1909 1687 (Alsine
1935 1641 2059 1677 mollu-

450 1699 557 1746 ginea
582 1699 767 1749 Lagasca)
796 1718 836 1730 =
863 1700 1067 1748 Drymam‘a
1093 1698 1303 1746 molluyz‘nea
1338 1697 1380 1733 F.
1407 1697 1634 1733 Didrichsen.

602 1767 821 1816 Lepigyomcm
840 1774 1061 1816 prostratum
1087 1765 1220 1801 Kindb.
1250 1777 1327 1813 syn.
1356 1764 1497 1810 (Alsine
1515 1769 1695 1813 prostrata
1720 1766 1851 1802 Forsk.
1877 1770 1913 1802 et
1929 1767 2059 1813 Delile,

450 1825 682 1873 Spergularia
695 1830 875 1873 prostrata
888 1825 1020 1875 Boiss.)
1041 1829 1076 1861 et
1089 1825 1212 1861 Alsioze
1225 1825 1420 1860 succulenta
1433 1824 1563 1871 Delile,
1578 1825 1689 1873 priori
1704 1825 1832 1872 affinis,
1849 1825 1941 1873 stylo
1955 1826 2060 1862 unico

450 1884 566 1920 trifido
593 1888 628 1921 et
651 1885 767 1921 alieno
785 1885 909 1921 habitu
927 1884 1190 1931 distinguuntur
1210 1887 1245 1919 et
1262 1883 1308 1919 ad
1325 1894 1457 1919 novum
1475 1894 1590 1930 genus
1609 1884 1851 1920 verisimiliter
1871 1884 2058 1931 pertinent.

601 1952 819 2000 Lepiyommn
838 1953 1065 2000 paradooeum
1091 1951 1202 1989 Bartl.
1230 1970 1270 1981 =
1298 1950 1439 1997 species
1466 1951 1687 1987 Arenariae!

601 2019 830 2067 Sper‘csularia
857 2020 1008 2055 «mamis
1035 2019 1159 2055 Camb.
1189 2037 1230 2049 =
1258 2017 1437 2064 Spergula
1463 2018 1635 2054 arvensis.

601 2087 820 2134 Lepiyonum
842 2087 1053 2134 ,qlutinosum
1081 2085 1228 2136 (Sweet)
1257 2104 1297 2115 =
1325 2085 1532 2120 Holosteum
1559 2085 1755 2134 Zimflorum
1782 2085 1876 2123 Stev.

451 2160 552 2199 Obs.
604 2161 779 2196 Bazardia
801 2159 940 2208 (lamb,
971 2160 1216 2209 Speryzalariae
1242 2170 1338 2206 spec.
1364 2158 1570 2201 Endlicher‚
1597 2159 1743 2196 corollae
1770 2159 1911 2197 defectu
1933 2159 2059 2197 differt.

1101 2346 1384 2381 Corriyencla:

841 2402 902 2432 Pag.
931 2404 954 2425 3.
977 2401 994 2425 l.
1009 2404 1049 2425 28.
1085 2400 1155 2425 Adde
1177 2404 1232 2431 post
1255 2400 1347 2422 stricte:
1371 2399 1479 2430 sequitur

854 2450 886 2453 —
930 2437 952 2460 7.
977 2436 993 2459 1.
1008 2439 1048 2460 21.
1083 2435 1145 2459 Dele
1163 2452 1169 2464 ‚
1193 2438 1249 2458 ante
1271 2434 1350 2458 flores.

854 2485 884 2488 —
912 2473 951 2495 10.
975 2471 992 2494 l.
1012 2474 1053 2495 23.
1089 2471 1145 2494 loco
1169 2472 1248 2501 potest
1278 2468 1326 2499 leqe
1347 2472 1430 2500 pateat

851 2518 885 2524 —
912 2508 953 2529 21.
977 2506 994 2529 l.
1025 2509 1049 2530 3.
1099 2519 1133 2524 -—
1169 2512 1244 2535 quam
1263 2503 1310 2534 Zeye
1333 2511 1407 2534 quum

849 2553 882 2558 —-
910 2543 951 2565 23.
978 2541 995 2565 l.
1016 2543 1055 2565 18.
1099 2553 1133 2560 —
1168 2538 1323 2563 tuberculosa
1349 2538 1397 2569 {eye
1414 2537 1594 2562 tuberculosum
