2188 3044
490 209 534 245 12
1055 204 1099 240 N.
1133 203 1174 241 O.
1208 204 1427 250 KINDBERG,

784 366 854 409 VI.
912 365 1262 407 DISTRIBUTIO
1300 364 1704 406 GEOGRAPI-IICA.

584 459 642 495 De
668 458 736 494 hac
762 468 800 493 re
828 455 974 492 difficile
1001 455 1181 502 judicatu,
1222 457 1424 503 praesertim
1459 467 1565 503 quum
1593 456 1674 492 aliae
1700 459 1822 503 partes
1849 459 1954 492 terrae
1979 456 2054 492 lon—

434 521 578 567 ginquae
603 530 703 564 raro,
737 517 820 553 aliae
846 527 1027 563 persaepe,
1069 528 1091 551 a
1116 515 1294 551 botanicis
1323 516 1496 560 visentur,
1538 526 1606 562 quo
1639 515 1771 550 factum
1802 519 1872 557 est,
1898 519 1938 551 ut
1962 526 2054 562 prae-

433 580 536 626 cipue
564 589 609 614 ex
635 576 726 613 Asia
752 586 934 623 perpauca
960 577 1097 610 tantum
1125 575 1322 621 specimina
1348 575 1556 619 viderimus,
1599 574 1681 610 dum
1716 574 1859 610 aliunde
1891 586 1922 609 v.
1953 585 1981 609 c.
2011 585 2055 609 ex

432 637 601 674 America
626 635 852 672 meridionali
880 634 1111 670 collectiones
1139 633 1327 670 ditissimae
1353 637 1547 681 reportatae
1579 638 1669 669 sunt.
1738 632 1813 669 Cel.
1843 634 1988 668 Hoolcer
2019 632 2055 668 in

432 697 542 733 Flora
570 695 778 732 Antarctica
807 693 935 744 (1847)
963 693 999 729 Π
1025 705 1059 740 p.
1090 694 1161 729 250
1192 694 1312 738 affert,
1342 704 1457 739 genus
1485 692 1753 739 Lepigonorum
1780 692 1974 729 secundum
1999 691 2056 727 lit-

432 761 511 792 tora
541 755 723 802 Europaea
763 757 798 790 et
830 753 940 789 maris
980 752 1233 788 mediterranei
1265 752 1464 798 abundare,
1505 752 1644 788 insulas
1676 753 1852 799 attingere
1892 751 2056 788 Shetlan-

434 815 565 852 denses
592 818 627 850 et
655 813 933 860 septentrionem
961 812 1068 847 etiam
1094 812 1131 847 in
1157 811 1350 858 Lapponia
1380 811 1529 847 intrare:
1570 811 1607 847 in
1637 811 1764 847 Africa
1803 812 1840 847 in
1879 812 2054 858 promont.

433 876 538 911 bonae
567 874 645 920 spei
672 884 788 919 neque
814 872 852 908 in
879 871 951 907 alia
976 875 1080 918 parte
1107 871 1198 906 inter
1224 871 1262 906 id
1289 874 1324 906 et
1357 870 1450 906 ostia
1488 871 1564 906 Nili
1594 871 1775 907 habitare:
1817 874 1994 918 praeterea
2018 867 2056 904 in

431 933 616 970 Australia
644 936 679 968 et
706 932 921 976 Tasmania,
961 930 1130 966 America
1157 930 1307 976 arctica,
1350 929 1566 976 California,
1609 930 1814 966 civitatibus
1841 929 1994 965 Texana
2020 930 2057 963 et

433 992 603 1038 Chilensi,
633 995 668 1027 et
693 992 730 1027 in
756 992 882 1027 insulis
911 989 1262 1035 Falklandensibus3
1289 989 1423 1025 nullam
1450 993 1567 1025 autem
1595 990 1752 1037 speciem
1778 990 1814 1025 in
1838 988 1965 1025 insulis
1983 991 2054 1022 tro-

430 1052 522 1100 picis
549 1052 660 1087 maris
688 1050 871 1097 tranquilli
898 1049 957 1099 (ne
985 1048 1306 1095 Galapagensibus
1334 1048 1492 1095 quidem)
1520 1049 1635 1084 visam
1667 1060 1758 1085 esse.
1811 1048 1894 1084 Huc
1921 1046 2055 1083 addere

431 1122 622 1159 possumus
648 1110 790 1147 Novam
817 1107 1064 1153 Zeelandiam,
1106 1108 1268 1144 civitates
1296 1108 1413 1143 unitas
1440 1108 1633 1154 Americae‚
1669 1108 1862 1144 Brasiliam
1889 1105 2055 1142 meridio-

431 1170 550 1207 nalem
578 1173 614 1206 et
638 1169 881 1215 Patagoniam
907 1167 1105 1213 borealem,
1146 1170 1268 1214 partes
1301 1167 1490 1203 interiores
1516 1166 1650 1203 Africae
1676 1180 1709 1203 v.
1739 1167 1919 1203 desertum
1944 1165 2055 1212 Liby-

431 1241 511 1265 cum
538 1232 573 1265 et
598 1228 847 1276 Abyssiniam‚
882 1227 936 1263 818
969 1226 1075 1262 etiam
1101 1225 1229 1261 Asiam
1254 1226 1452 1268 borealem,
1480 1230 1519 1262 ut
1545 1226 1728 1273 Sibiriam,
1757 1226 1973 1273 Songariam
2000 1224 2055 1260 di-

431 1301 526 1335 cam,
557 1292 592 1324 et
618 1292 748 1334 terras,
778 1298 859 1334 quae
882 1286 996 1322 maria
1023 1285 1185 1332 caspium
1212 1288 1247 1321 et
1273 1289 1449 1321 mortuum
1477 1286 1772 1333 appropinquant.
1830 1287 1873 1322 In
1898 1283 2055 1332 regioni-

428 1350 497 1385 bus
523 1347 752 1384 interioribus
777 1358 799 1382 a
827 1345 918 1381 mari
943 1343 1151 1391 longinquis
1179 1344 1226 1380 ad
1252 1345 1369 1380 fontes
1398 1345 1548 1391 salinos,
1591 1358 1623 1381 v.
1652 1357 1681 1381 c.
1710 1345 1883 1392 Europae,
1913 1344 2055 1392 species

430 1407 595 1455 quaedam
620 1407 864 1443 inveniuntur:
893 1404 978 1451 quin
1005 1404 1113 1440 etiam
1141 1404 1356 1451 complures,
1385 1416 1418 1440 v.
1444 1416 1473 1440 c.
1504 1405 1622 1453 Lepiy.
1649 1406 1805 1446 rubrum,
1831 1405 1954 1440 littora
1980 1414 2054 1438 ma-

429 1468 509 1503 rina
534 1467 676 1514 fugiunt
703 1469 738 1501 et
763 1465 845 1501 loca
871 1463 1053 1511 praecipue
1081 1463 1299 1510 campestria
1326 1467 1456 1499 amant.

584 1544 631 1580 In
659 1544 765 1591 specie
790 1542 882 1577 infra
909 1540 1070 1576 invenies
1096 1540 1193 1583 loca,
1231 1540 1292 1575 ubi
1320 1541 1532 1587 specimina,
1574 1540 1621 1576 ad
1651 1541 1841 1576 maximam
1867 1543 2007 1587 partem
2035 1551 2057 1575 a

430 1603 535 1639 nobis
562 1603 749 1649 recensita,
778 1605 859 1638 sunt
887 1600 1056 1636 collecta:
1085 1610 1203 1645 pauca
1229 1601 1350 1635 tamen
1377 1600 1448 1635 alia
1474 1600 1555 1636 loca
1582 1600 1690 1636 etiam
1716 1604 1799 1636 sunt
1820 1599 1925 1646 edita,
1955 1599 2054 1635 dum-

428 1662 532 1698 modo
559 1661 818 1708 descriptiones
845 1660 932 1695 nihil
961 1659 1059 1695 dubii
1084 1657 1297 1704 relinquant.

585 1738 736 1774 Collatis
763 1738 853 1774 locis
880 1737 1078 1783 natalibus,
1118 1738 1183 1774 sub
1217 1737 1361 1784 singula
1388 1736 1510 1783 specie
1536 1736 1629 1771 infra
1657 1735 1792 1780 allatis,
1821 1735 1928 1771 facile
1954 1733 2054 1770 vide·

427 1798 543 1834 bimus
582 1798 754 1845 plurimas
792 1797 934 1844 species
975 1797 1081 1833 certis
1117 1797 1288 1833 limitibus
1322 1796 1498 1832 definitas.
1566 1794 1779 1842 Complures
1811 1798 1932 1830 tamen
1970 1805 2054 1830 vere

430 1857 675 1904 cosmopolitae
703 1862 797 1902 sunt,
840 1869 872 1892 v.
899 1868 928 1892 c.
959 1857 1042 1904 Lep.
1069 1857 1251 1892 marinum
1279 1860 1314 1892 et
1345 1861 1376 1891 L.
1404 1855 1573 1895 salinum,
1614 1866 1695 1901 quae
1721 1855 1758 1890 in
1785 1854 1948 1890 omnibus
1972 1865 2053 1900 par-

427 1915 522 1952 tibus
550 1916 646 1952 orbis
673 1920 846 1951 terrarum
873 1915 1114 1951 verisimiliter
1141 1916 1362 1963 proveniunt.
1421 1919 1452 1949 L.
1481 1915 1644 1955 rubrum,
1679 1913 1716 1948 in
1742 1913 1890 1959 Europa
1916 1912 2054 1949 boreali

429 1979 465 2010 et
492 1975 611 2010 media
637 1975 940 2022 vulgatissimum,
976 1974 1161 2010 meridiem
1188 1986 1315 2009 versus
1343 1973 1554 2008 decrescere
1581 1984 1612 2007 v.
1642 1971 1806 2007 desinere
1832 1971 1989 2007 videtur:
2017 1972 2054 2008 in

429 2034 510 2070 aliis
537 2034 642 2070 terris
669 2035 792 2070 forsan
825 2034 1058 2069 adventitium
1098 2034 1157 2069 vel
1198 2033 1327 2068 saltem
1366 2031 1472 2067 valde
1508 2030 1710 2077 dispersum
1743 2034 1778 2066 et
1808 2031 1951 2067 minime
1983 2032 2052 2068 fre-

430 2104 542 2140 quens
570 2104 652 2129 esse
679 2092 826 2128 videtur.
887 2093 970 2140 Lep.
998 2093 1138 2139 seyetale
1169 2092 1230 2127 vix
1262 2095 1363 2127 extra
1389 2091 1573 2137 Europam
1599 2091 1774 2137 provenit.
1840 2089 1899 2126 Ad
1934 2090 2053 2137 regio-

429 2164 510 2188 nem
537 2153 647 2188 maris
665 2152 916 2188 mediterranei
942 2151 1124 2198 praeoipue
1151 2150 1347 2198 pertinent:
1378 2155 1410 2185 L.
1437 2150 1689 2197 sclszcyineum,
1730 2151 1914 2191 moricum,
1955 2164 2052 2185 cam-

423 2219 554 2260 pestre,
596 2212 836 2258 fimbriatum,
877 2211 1149 2250 macrorhizum,
1189 2211 1487 2257 lzfeterospermum.
1558 2209 1601 2244 In
1641 2209 1803 2255 partibus
1845 2209 2051 2246 borealibus

429 2271 546 2315 Asiae,
580 2271 737 2318 Europae
765 2274 800 2306 et
825 2269 1004 2306 Americae
1035 2270 1155 2317 Lepiy.
1182 2269 1335 2304 medium
1366 2268 1544 2303 invenies:
1585 2279 1849 2315 nonnumquam
1883 2269 1990 2304 etiam
2016 2269 2053 2304 in

429 2330 554 2366 Africa
582 2334 617 2365 et
641 2330 789 2377 Europa
819 2329 1057 2372 meridionali,
1099 2329 1221 2364 forsan
1253 2328 1304 2364 ibi
1331 2327 1572 2372 adventitium.
1633 2331 1667 2362 L.
1696 2327 1935 2375 leiospermum
1960 2328 2054 2364 intra

430 2389 614 2436 regionem
641 2389 794 2425 calidam
821 2392 856 2423 et
883 2391 1118 2435 temperatam
1146 2387 1353 2423 calidiorem
1380 2386 1441 2421 vix
1468 2391 1523 2422 est
1548 2386 1747 2432 inventum,
1783 2386 1848 2422 sed
1874 2387 1911 2423 111
1941 2387 2051 2424 Scan-

431 2448 576 2484 dinavia
600 2449 843 2496 perfreqvens.
900 2452 933 2482 L.
960 2448 1259 2494 microspermwm
1287 2445 1428 2492 species
1457 2457 1544 2481 sane
1573 2445 1711 2491 critica,
1748 2457 1828 2481 811111
1854 2446 1951 2482 1111110
1980 2446 2050 2482 alio

431 2518 473 2542 ac
502 2519 580 2543 cum
610 2512 642 2542 L.
670 2506 861 2554 salsuyineo
894 2505 1196 2551 confundendum,
1238 2504 1460 2541 solummodo
1500 2504 1616 2540 adhuc
1654 2505 1692 2540 in
1723 2505 1836 2541 tribus
1875 2505 1966 2540 locis
1998 2504 2050 2540 di-
