2188 3044
556 265 718 312 miensis,
745 265 836 312 Reg.
863 263 1081 301 Academiae
1108 265 1239 302 Scicnt.
1266 264 1384 301 Holm.
1414 264 1650 311 secretarius,
1676 265 1767 311 Reg.
1788 263 1873 301 Ord.
1894 264 1939 300 de
1957 263 2070 300 Stella

557 324 680 360 Polari
709 322 995 360 Commendator.

457 381 767 419 ARESOHOUG
794 381 993 431 (Johannes
1017 381 1202 431 Erhard),
1230 381 1365 418 Philos.
1393 382 1539 429 Doctor,
1564 383 1756 419 Botanices
1775 385 1811 418 et
1829 380 2069 419 Oeconomiae

558 441 746 477 Praeticae
772 441 963 477 Professor
988 441 1228 489 Upsaliensis.

457 491 767 538 NORDSTROM
794 499 993 550 (Johaimes
1020 499 1210 550 Jacobus),
1251 499 1327 536 Jur.
1355 500 1433 537 Utr.
1463 504 1498 536 ct
1523 500 1658 536 Philos.
1696 499 1842 544 Doctor,
1870 498 2070 544 Professor,

557 558 789 595 Archivarius
827 559 946 606 Regni
986 558 1153 605 Svecani,
1197 558 1288 606 Reg.
1322 557 1408 596 Ord.
1437 559 1482 595 de
1509 559 1621 596 Stella
1646 558 1769 595 Polari
1796 556 2073 594 Commendator

559 621 595 654 et
621 617 665 653 de
692 617 727 654 S.
755 617 966 654 Wladimiro
992 618 1030 654 in
1057 617 1110 655 Ol.
1133 618 1196 654 IV.
1223 618 1356 665 Eques.

461 676 692 714 CARLSON
720 677 951 723 (Fredericus
977 676 1117 726 Fere),
1158 677 1294 713 Philos.
1321 677 1469 723 Doctor,
1499 689 1529 713 a.
1557 676 1590 712 h.
1618 677 1711 713 Hist.
1737 677 1927 713 Professor
1952 675 2073 723 Upsa--

560 736 700 783 liensis,
743 735 980 772 Consiliarius
1019 735 1153 783 Status,
1186 736 1406 772 Academiae
1438 736 1624 773 Svecanae
1652 735 1926 781 Octodecimvir,
1953 734 2073 781 Regg.

562 794 673 832 Ordd.
702 794 746 831 de
772 795 884 832 Stella
910 795 1048 841 Polari,
1077 795 1121 831 de
1146 795 1181 832 S.
1210 795 1326 832 Olavo
1354 799 1389 831 et
1416 795 1460 831 de
1486 795 1694 841 Danebrog.
1722 795 1855 841 Eques.

459 853 728 892 SVANBERG
755 853 984 904 (Laurentius
1010 854 1148 904 Fred),
1189 855 1324 891 Philos.
1363 855 1510 901 Doctor,
1540 853 1710 891 Chemiae
1737 854 1928 890 Professor
1953 852 2073 900 Upsa-

559 913 700 960 liensis,
728 913 820 960 Reg.
849 912 934 949 Ord.
963 913 1008 949 de
1035 913 1148 950 Stella
1173 913 1296 949 Polari
1321 914 1453 961 Eques.

458 971 587 1010 HUSS
616 972 817 1020 (Magnus),
857 972 950 1008 Med.
984 973 1130 1019 Doctor,
1164 972 1319 1019 Oollegii
1345 972 1439 1008 Med.
1466 973 1637 1018 Praeses,
1662 973 1959 1009 Nosoeomiorum
1986 972 2073 1009 Sve-

561 1032 639 1067 ciae
665 1031 833 1067 Director
860 1032 1056 1078 generalis,
1090 1031 1208 1079 Regg.
1242 1031 1352 1068 Ordd.
1382 1032 1426 1067 de
1454 1032 1566 1068 Stella
1592 1032 1732 1078 Polari,
1758 1032 1802 1068 de
1829 1031 1864 1069 S.
1895 1031 2012 1069 Olavo
2041 1034 2075 1066 et

559 1090 604 1126 de
633 1090 842 1137 Danebrog.
871 1089 1157 1137 Commendator,
1198 1091 1289 1138 Reg.
1321 1090 1407 1128 Ord.
1445 1090 1567 1127 Caroli
1593 1091 1683 1127 ΧΠ]
1709 1091 1840 1137 Eques.

458 1150 578 1187 HILL
607 1148 773 1198 <Carolus
799 1149 1015 1197 Johaiines),
1056 1150 1192 1186 Philos.
1224 1149 1372 1196 Doctor,
1400 1150 1608 1186 Matheseos
1634 1150 1825 1186 Professor
1850 1148 2073 1194 LundensiS,

560 1208 650 1256 Reg.
680 1208 765 1245 Ord.
794 1209 838 1245 de
865 1208 978 1245 Stella
1003 1210 1126 1246 Polari
1152 1209 1285 1256 Eques.

459 1257 737 1305 ANGSTROM
764 1268 958 1313 (Andreas
972 1267 1086 1315 Jon.),
1108 1268 1242 1304 Philos.
1262 1268 1409 1315 Doctor,
1429 1268 1606 1316 Physices
1625 1268 1816 1304 Professor
1833 1266 2074 1315 Upsaliensis.

461 1327 779 1365 SUNDEWALL
809 1326 976 1377 (Carolus
1003 1326 1194 1378 Jambus),
1226 1327 1320 1363 Med.
1353 1328 1500 1374 Doctor,
1528 1328 1719 1364 Professor
1748 1331 1783 1364 et
1809 1326 1925 1362 Musei
1950 1325 2077 1361 Zoolo-

561 1387 666 1434 gieae
705 1386 927 1423 Holmiensis
966 1387 1190 1433 Praefectus,
1231 1386 1323 1434 Reg.
1352 1386 1437 1423 Ord.
1466 1387 1510 1423 (16
1550 1387 1663 1424 Stella
1688 1387 1812 1423 Polari
1839 1389 1874 1421 et
1897 1384 2073 1432 Legionis

560 1446 717 1482 Honoris
744 1445 876 1492 Eques.

459 1497 720 1543 BoTTIGER
748 1504 918 1551 (Carolus
934 1504 1061 1552 Galil),
1078 1504 1213 1540 Philos.
1232 1504 1378 1551 Doctor,
1398 1505 1619 1551 Linguarum
1638 1505 1910 1551 Literarumque
1927 1502 2073 1539 Recent.

560 1565 750 1601 Professor
786 1563 1034 1610 Upsaliensis,
1075 1563 1295 1600 Academiae
1335 1563 1520 1600 Svecanae
1561 1563 1834 1610 Octodecimvir,
1868 1562 1960 1609 Reg.
1989 1560 2075 1598 Ord.

563 1636 594 1660 a.
619 1624 652 1659 h.
679 1623 1022 1670 Historiographus,
1063 1622 1182 1671 Regg.
1219 1622 1329 1660 Ordd.
1365 1623 1409 1659 de
1443 1623 1556 1660 Stella
1581 1623 1720 1669 Polari,
1757 1623 1801 1659 (16
1833 1622 1868 1659 S.
1897 1621 2014 1658 Olavo
2042 1624 2077 1656 et

562 1683 607 1718 de
632 1682 841 1729 Danebrog.
868 1683 1002 1729 Eques.

460 1732 731 1779 UPPSTROM
759 1740 972 1789 (Andreas),
1000 1741 1136 1778 Philos.
1164 1742 1310 1789 Doctor,
1335 1743 1502 1789 Linguae
1525 1742 1820 1789 Moesogothicae
1838 1740 2076 1786 Linguarum—

563 1812 630 1848 que
658 1800 816 1836 affinium
841 1800 1032 1836 Professor
1057 1801 1099 1836 E.
1129 1800 1172 1838 O.
1197 1801 1439 1848 Upsaliensis.

463 1859 709 1897 ERDMANN
738 1858 856 1905 (Axel.
885 1859 1046 1907 Joaolr),
1074 1859 1274 1907 Professor,
1298 1860 1390 1908 Reg.
1419 1860 1505 1898 Ord.
1535 1860 1578 1895 de
1606 1859 1720 1896 Stella
1745 1857 1869 1894 Polari
1893 1857 2027 1903 Eques.

466 1918 795 1956 HILDEBRAND
838 1918 943 1968 (Bror
969 1918 1106 1969 Emil.),
1147 1919 1282 1955 Philos.
1322 1919 1468 1966 Doctor,
1502 1919 1734 1965 Antiquarius
1761 1917 1881 1964 Regni
1908 1914 2077 1961 Svecani,

563 1978 681 2024 Regg.
710 1976 820 2014 Ordd.
848 1977 892 2013 de
924 1978 1038 2015 Stella
1070 1977 1193 2014 Polari
1219 1982 1254 2013 et
1281 1978 1324 2014 de
1352 1978 1386 2015 S.
1416 1978 1531 2015 Olavo
1560 1976 1843 2019 Commendator,
1871 1975 1963 2021 Reg.
1992 1973 2078 2010 Ord.

566 2037 610 2073 de
636 2037 845 2083 Danebrog.
873 2037 1011 2083 Eques,
1040 2040 1105 2072 etc.

465 2096 677 2133 EDLUND
718 2095 893 2142 (Ericus),
932 2096 1068 2132 Philos.
1108 2095 1253 2142 Doctor,
1295 2095 1472 2143 Physices
1504 2095 1695 2131 Professor
1721 2093 1960 2140 Holmiensis,
1987 2092 2078 2138 Reg.

567 2154 653 2192 Ord.
682 2154 727 2190 de
754 2154 867 2191 Stella
892 2155 1016 2190 Polari
1041 2155 1173 2202 Eques.

466 2212 859 2250 WACKERBARTH
888 2213 1119 2263 (Athanasius
1145 2212 1361 2249 Franciscus
1389 2211 1667 2261 Theodoricus),
1696 2212 1896 2247 Professor.

468 2272 785 2309 LILLJEBORG
813 2272 1072 2323 (Guilielmus),
1109 2273 1244 2309 Philos.
1272 2271 1419 2318 Doctor,
1448 2271 1645 2318 Zoologiae
1672 2271 1864 2307 Professor
1889 2270 2082 2318 Upsalien-

570 2332 634 2379 sis,
663 2332 754 2379 Reg.
783 2332 869 2369 Ord.
898 2332 942 2368 de
970 2332 1082 2369 Stella
1107 2331 1230 2368 Polari
1254 2331 1386 2378 Eques.

468 2390 757 2428 ARRHENIUS
786 2390 986 2440 (Johannes
1012 2390 1171 2442 Petrus),
1200 2390 1335 2426 Philos.
1363 2389 1509 2436 Doctor,
1529 2389 1728 2435 Professor,
1749 2388 1841 2435 Reg.
1860 2387 2081 2424 Academiae

569 2449 692 2496 Agric.
733 2450 851 2486 Holm.
893 2450 1131 2497 Secretarius,
1172 2449 1290 2497 Regg.
1331 2448 1441 2486 Ordd.
1477 2448 1521 2484 de
1549 2447 1662 2485 Stella
1687 2448 1811 2484 Polari
1839 2451 1874 2483 et
1901 2446 1945 2482 de
1968 2445 2083 2483 Wasa

569 2508 702 2555 Eques.
