2188 3044
500 200 547 235 42
1067 197 1113 234 N.
1147 196 1189 235 C.
1222 197 1442 246 KlNDBERG,

452 300 538 342 rint,
578 311 657 347 quae
683 300 761 336 sine
789 298 895 334 dubio
925 297 972 334 ad
998 298 1090 334 alias
1118 299 1260 345 species
1286 300 1501 347 pertineant,
1543 300 1605 337 alii
1641 304 1760 337 tamen
1787 311 1808 336 e
1833 298 2067 337 varietatibus

453 370 576 407 parum
603 357 851 395 recedentibus
877 356 1044 404 proprias
1071 357 1214 404 species
1239 369 1440 406 proponere
1466 359 1652 396 voluerint.

845 460 902 495 24.
955 458 1179 495 Lsspmonum
1213 467 1470 496 SALsufflnEUM
1515 459 1682 510 (Bunge).

607 525 753 562 Semina
778 526 988 574 pyriformia
1019 527 1208 573 triquetra,
1236 527 1400 574 margine
1433 527 1572 563 elevato
1605 527 1766 575 praedita.
1820 527 1981 576 Capsula
2007 528 2069 564 mi-

455 588 540 621 nuta
567 583 728 632 calycem
755 596 912 632 aequans.
978 585 1177 622 Pedunculi
1215 587 1290 622 fere
1331 597 1454 622 omnes
1493 586 1588 623 foliis
1621 586 1795 634 destituti,
1836 588 1986 635 capsula
2010 587 2070 623 vix

456 643 562 691 duplo
587 644 781 691 longiores.
835 644 984 692 Stipulae
1010 645 1150 681 breves.
1202 645 1322 681 Radix
1348 657 1475 682 annua.

609 712 791 748 Arenaria
817 713 1013 761 salsuyinea
1039 712 1167 759 Bunge
1193 713 1233 749 in
1259 712 1394 749 Ledeb.
1419 714 1462 760 fl.
1491 714 1550 749 alt.
1578 714 1610 759 2,
1634 714 1703 748 163
1733 714 1877 761 (1829).
1919 713 2070 762 Speryu-

457 771 549 806 Ζανία
574 770 652 807 le.
680 771 719 806 in
744 771 833 807 Led.
860 773 894 812 fl.
920 785 1001 808 ross.
1030 773 1150 818 2166.
1205 771 1314 809 Gren.
1344 776 1379 808 et
1406 771 1517 809 Godr.
1535 773 1577 820 fl.
1594 773 1648 821 fr.
1679 773 1797 818 1375.

609 839 829 887 Lepiyomcm
855 839 1090 888 salsuyz‘neum
1116 839 1250 875 Kindb.
1277 854 1353 889 syn.
1381 840 1502 889 Lepiy.
1534 852 1568 888 p.
1599 841 1630 875 7.

609 909 792 945 Arenaria
819 910 974 945 diandm
1013 909 1122 947 Guss.
1152 912 1195 959 fl.
1222 912 1279 947 εἰσ.
1313 912 1438 960 prodr.
1469 913 1576 958 1,515
1605 911 1745 962 (1827).
1804 910 1894 947 Ten.
1927 911 2000 960 syll.
2029 912 2072 958 fl.

458 967 571 1016 Neap.
600 969 684 1004 217.
737 970 862 1005 Alaina
889 968 999 1006 Guss.
1024 970 1060 1013 fl.
1086 970 1142 1005 sic.
1168 972 1252 1006 501.

612 1028 796 1063 Arenaria
822 1029 930 1064 rubra
956 1027 985 1070 β
1012 1029 1195 1077 subylabra
1220 1029 1353 1066 Bertol.
1378 1031 1421 1077 fl.
1448 1031 1522 1066 ital.
1549 1029 1628 1071 IV,
1657 1030 1740 1065 683.

610 1096 833 1145 Lepiyonum
859 1097 1175 1145 melanospermum
1201 1097 1331 1145 Lange
1357 1099 1396 1135 in
1422 1099 1513 1134 herb.
1547 1099 1687 1148 (forma
1714 1098 1941 1143 Madm'tens.)

611 1166 708 1202 Icon.
734 1167 870 1204 Ledeb.
896 1169 945 1217 fl·
972 1168 1031 1204 alt.
1059 1169 1131 1204 409
1162 1169 1320 1219 (optima,
1349 1168 1415 1206 sed
1440 1168 1554 1205 florib.
1583 1180 1702 1205 errore
1728 1167 1888 1215 luteisl).
1941 1167 2075 1204 Nostra

460 1225 530 1261 tab.
549 1225 603 1261 m
648 1226 670 1261 f.
692 1227 712 1261 3
725 1227 749 1261 ⁴.

611 1254 701 1320 ’Em
717 1230 852 1321 OHeldr.
880 1286 931 1321 hb.
955 1299 1057 1334 yroec.
1085 1300 1197 1323 norm.
1225 1299 1258 1323 n.
1287 1288 1372 1323 492.
1424 1287 1467 1324 L.
1494 1287 1637 1333 Kralik,
1681 1288 1740 1324 ΡΖ.
1771 1286 1893 1323 Tunet.
1928 1297 1962 1334 p.
1990 1287 2074 1322 406.

459 1342 662 1390 Bourgeau‚
686 1345 735 1392 pl.
764 1344 971 1393 d’Espayne
999 1347 1093 1383 1851
1122 1359 1156 1383 n.
1184 1348 1291 1383 1318.

611 1419 705 1456 Hab.
733 1420 771 1456 in
798 1421 981 1468 argillosis
1008 1422 1189 1459 inundatis
1216 1423 1418 1468 maritimis,
1443 1422 1480 1459 in
1507 1424 1684 1469 arenosis,
1712 1422 1749 1459 in
1779 1420 1953 1458 ealcareis
1980 1424 2016 1457 et
2041 1421 2077 1457 in

461 1478 700 1525 salsuginosis
727 1479 884 1528 Em'opae
911 1484 947 1516 et
973 1481 1123 1531 Africae,
1164 1482 1346 1530 praecipue
1372 1482 1557 1518 vicinitate
1583 1483 1693 1518 maris
1718 1480 1969 1517 mediterranei
1994 1491 2077 1528 pas-

461 1537 545 1585 sim,
586 1541 625 1573 ut
657 1538 694 1574 in
721 1537 845 1575 Gallia
873 1539 920 1575 ad
946 1539 1146 1577 Massiliam
1178 1540 1360 1591 (Grenier
1387 1542 1407 1577 Ζ.
1436 1548 1496 1588 c.)‚
1535 1541 1716 1589 Hispania
1747 1540 1794 1576 ad
1835 1538 2078 1586 Cartagenam

461 1596 670 1644 (Bouryeau
696 1599 716 1633 Z.
745 1603 787 1640 c.)
828 1603 863 1634 et
889 1598 926 1634 in
954 1599 1128 1635 calcareis
1156 1599 1202 1635 ad
1228 1599 1371 1636 Madrid
1409 1599 1459 1646 (J.
1486 1601 1671 1648 Langel),
1709 1600 1816 1636 Italia
1843 1598 1889 1635 ad
1919 1598 2077 1635 Livorno

462 1655 711 1706 (Parlatorel),
741 1656 887 1694 Graecia
914 1658 961 1694 ad
986 1658 1131 1695 llissum
1158 1659 1427 1709 (Heldrez‘cm),
1455 1659 1590 1695 Rossia
1609 1659 1656 1695 ad
1671 1658 1851 1696 Odessam
1879 1658 2022 1707 (Steven
2040 1658 2079 1693 z'n

461 1715 513 1750 hb.
538 1715 670 1760 ledes),
709 1716 746 1751 in
772 1728 848 1763 reg.
877 1717 1006 1753 Tunet.
1034 1706 1178 1767 (Ᾰόενρ
1203 1719 1243 1754 in
1267 1719 1320 1754 hb.
1348 1718 1442 1754 illus.
1471 1718 1594 1754 Holm.
1623 1726 1654 1754 et
1679 1718 1813 1753 Kralilc
1839 1717 1879 1752 in
1904 1717 1955 1752 hb.
1982 1717 2079 1753 fisus.

463 1773 564 1810 Fries
591 1781 620 1810 et
638 1774 805 1825 Holm.)‚·
846 1776 952 1811 etiam
985 1777 1082 1812 Asioe
1113 1777 1149 1813 111
1172 1777 1281 1814 Arab.
1310 1781 1413 1825 petr„
1456 1777 1606 1814 Hauara
1633 1776 1680 1812 ad
1705 1776 1782 1813 Ras
1808 1776 1953 1812 Haman
1989 1775 2078 1826 (W.

462 1833 614 1881 Schz'mp.
642 1833 739 1870 1835
765 1835 805 1870 in
830 1835 881 1871 hb.
908 1835 1064 1877 Holm.)‚
1094 1839 1129 1872 et
1155 1836 1192 1872 111
1218 1835 1371 1872 desertis
1399 1835 1540 1873 Sibiriae
1580 1837 1723 1884 (Bunye
1757 1837 1777 1871 Ζ.
1804 1842 1859 1873 a).

613 1891 732 1928 Radix
758 1894 874 1930 tenuis
900 1895 976 1930 fere
1004 1895 1156 1942 simplex
1183 1906 1310 1931 annua.
1377 1893 1511 1931 Caules
1548 1895 1655 1931 valde
1683 1894 1878 1942 aggregati
1903 1897 1939 1930 et
1963 1905 2079 1931 ramo-

463 1951 610 1997 sissimi,
638 1951 790 1988 humiles
817 1956 852 1988 et
877 1954 1044 2000 graciles,
1071 1953 1334 1990 adscendentes
1358 1965 1392 1989 v.
1411 1954 1589 2000 prostrati,
1616 1953 1845 1999 teretiusculi,
1872 1953 2080 2000 plerumque

463 2009 867 2057 glanduloso-puberuli.
919 2013 1026 2049 Folia
1053 2012 1270 2048 semiteretia
1295 2011 1617 2048 lineari-filiformia
1646 2012 1899 2058 obtusiuscula‚
1927 2012 2080 2048 virentia

462 2070 538 2105 fere
565 2069 790 2116 glandulosa,
818 2070 1029 2106 internodiis
1057 2071 1288 2118 subaequalia.
1330 2071 1480 2119 Stipulae
1506 2071 1731 2108 brevissimae
1757 2071 1829 2106 late
1856 2075 1973 2108 ovatae
1999 2072 2078 2118 bre-

462 2127 554 2164 viter
580 2127 740 2164 aristatae
766 2129 841 2165 fere
872 2129 1024 2176 integrae
1060 2141 1186 2177 parum
1217 2130 1350 2166 nitidae.
1416 2130 1616 2166 Pedunculi
1654 2129 1801 2165 floriferi
1840 2130 1915 2166 fere
1954 2141 2079 2167 omnes

464 2186 613 2235 aphylli,
640 2187 795 2223 bracteis
823 2188 966 2224 minutis
993 2189 1085 2235 fulti,
1120 2188 1261 2225 demum
1288 2189 1437 2237 capsula
1462 2190 1537 2225 fere
1565 2189 1672 2236 duplo
1698 2188 1892 2235 longiores.
1946 2188 2079 2237 Sepala

462 2246 807 2282 lineari-lanceolata
838 2247 1081 2283 obtusiuscula
1106 2247 1203 2283 haud
1234 2248 1428 2294 maculata,
1456 2248 1620 2294 margine
1657 2247 1866 2283 tenuissime
1906 2248 2078 2285 scariosa.

462 2305 592 2341 Petala
619 2306 777 2352 oblonga
804 2306 928 2354 calyce
956 2307 1179 2354 subaequalia
1201 2319 1233 2343 v.
1248 2307 1427 2353 breviora,
1455 2318 1562 2343 rosea
1580 2319 1612 2342 v.
1632 2306 1787 2342 lilacina.
1834 2305 1996 2354 Capsula
2014 2306 2078 2343 mi—

462 2368 548 2400 nuta
568 2365 728 2412 calycem
747 2377 905 2411 aequans,
927 2366 1214 2412 ovato-globosa.
1255 2365 1401 2403 Semina
1418 2366 1551 2413 exigua
1567 2365 1673 2412 nigra
1693 2365 1917 2402 tuberculata
1937 2369 2078 2402 exserte

460 2424 677 2471 pyriformia,
705 2424 868 2471 margine
896 2424 1035 2460 elevato
1062 2424 1232 2472 praedita,
1259 2436 1450 2472 numquam
1479 2425 1578 2462 alata
1617 2424 1660 2475 (v.
1686 2438 1715 2460 v.
1744 2425 1821 2460 cult.
1849 2431 1879 2461 et
1903 2425 1978 2460 sico.
2008 2426 2077 2473 sp.)

616 2483 834 2531 Lepiyomcm
860 2484 1001 2530 seyetale
1028 2483 1287 2530 quodammodo
1313 2485 1435 2531 refert,
1477 2484 1543 2520 sed
1569 2484 1746 2533 Lepigyono
1772 2484 1876 2519 rubro
1903 2483 2025 2530 affine,
2054 2495 2076 2519 a

463 2551 531 2586 quo
557 2544 677 2577 tamen
702 2541 808 2577 valde
836 2541 1016 2590 discrepat
1043 2542 1204 2579 caulibus
1234 2546 1269 2579 et
1300 2542 1396 2579 foliis
1437 2543 1690 2589 tenerioribus,
1731 2541 1872 2589 stipulis
1907 2541 2075 2578 brevissi-
