2188 3044
621 187 896 225 MONOGRAPHIA
932 195 1202 224 LEPIGONORUM.
1619 183 1666 220 43

109 290 193 335 mis,
233 288 401 338 panicula
433 287 539 325 valde
570 288 768 326 divaricata
794 288 940 337 aphylla
965 288 1112 325 fioribus
1137 287 1246 324 multo
1278 285 1421 333 ditiore,
1462 284 1620 334 capsulis
1653 284 1716 321 mi-

109 349 204 386 nutis
232 347 473 396 subglobosis‚
502 348 696 385 seminibus
722 349 917 384 minoribus
943 347 1068 395 nigris.

260 408 401 444 Nomen
430 407 514 455 Lep.
542 407 689 443 diandri
712 407 832 455 paullo
860 407 959 454 prius
986 406 1128 454 quidem
1154 418 1177 442 a
1207 405 1365 442 Gussone
1396 415 1502 452 quam
1534 403 1619 451 Lep.
1644 402 1716 439 sal-

110 467 308 515 suyineum,
345 477 365 502 e
391 466 524 514 Bunye
549 478 572 502 a
596 466 700 503 nobis
726 469 925 513 receptum,
954 465 1075 501 datum
1102 468 1172 511 est,
1200 464 1372 501 habemus
1398 467 1517 500 tamen
1541 461 1630 498 illud
1655 471 1717 497 no-

110 536 191 562 men
217 537 288 562 non
313 529 450 573 aptum,
479 525 563 572 quia
589 536 755 562 numerus
782 523 971 560 staminum
996 523 1033 560 in
1057 523 1258 571 Lepigonis
1283 522 1388 559 valde
1411 522 1527 558 variat
1549 524 1585 557 et
1601 520 1718 556 nullas

108 588 213 621 notas
240 587 359 621 certas
383 584 530 632 praebet.

577 685 635 720 25.
687 683 909 720 LEPIGONUM
944 690 1134 719 SEGETALE
1179 681 1257 732 (L.)

263 755 408 793 Semina
434 755 709 804 subpyriformia
739 755 1002 803 immarginata.
1066 754 1226 803 Capsula
1257 754 1416 803 calycem
1441 765 1598 802 aequans.
1650 752 1718 789 Pe·

111 815 255 852 dunculi
280 815 378 852 foliis
405 814 579 860 destituti,
621 815 770 862 capsula
802 826 902 863 saepe
932 814 1130 863 quadruplo
1158 813 1351 861 longiores.
1417 813 1567 862 Stipulae
1597 815 1719 849 ovato-

111 874 331 912 lanceolatae.
383 873 502 910 Radix
528 885 655 910 annua.

263 944 387 980 Alsine
416 944 568 992 seyetalz's
608 942 818 981 ’'Sherard.”
857 943 938 991 Raj.
978 944 1054 980 hist.
1093 943 1224 993 (1704)
1264 943 1389 989 3,500‚
1412 970 1515 979 .....
1539 941 1720 990 yramineo

100 1004 191 1053 folio
212 1003 333 1052 ιᾳίαόνο
359 1003 561 1052 multifloro.

263 1071 410 1107 ’'Alsine
426 1071 605 1119 sperqulae
620 1069 719 1119 facie
742 1070 860 1106 minor
884 1084 910 1106 s.
930 1070 1102 1119 Speryula
1118 1070 1235 1107 minor
1252 1069 1456 1106 subcaeruleo
1469 1069 1585 1118 flore:
1607 1066 1719 1103 Bauh.

103 1130 185 1179 pin.
213 1129 307 1166 251’'
336 1129 430 1179 (coll.
457 1129 595 1166 Montin
625 1129 665 1165 in
688 1130 738 1165 hb.
766 1129 861 1166 Mus.
885 1130 1037 1176 Helm).

261 1197 390 1234 Alsine
417 1198 585 1245 seyetalz's,
620 1197 813 1245 qramineis
841 1198 942 1247 foliis
967 1210 1079 1234 unum
1105 1196 1195 1233 latus
1219 1196 1465 1245 spectantibus:
1501 1194 1609 1232 Vaill.
1643 1194 1720 1231 Boc.

111 1257 230 1293 Paris.
256 1255 388 1306 (1727)
430 1257 495 1292 tab.
522 1256 606 1298 ΙΙΙ,
632 1257 691 1304 fiy.
717 1256 753 1292 3.

263 1323 387 1360 Alsine
412 1324 565 1372 seyetalis
590 1324 695 1360 Linn.
722 1337 771 1372 sp.
798 1325 883 1360 390.
934 1323 1037 1360 Pers.
1064 1337 1139 1373 syn.
1168 1324 1286 1370 1‚331.
1337 1322 1439 1359 Mert.
1467 1325 1503 1358 et
1528 1320 1634 1358 Koch
1667 1321 1720 1357 D.

101 1384 149 1433 fl·
177 1385 261 1420 291.
313 1383 368 1419 Le
395 1383 574 1430 Turquier
597 1382 873 1430 Delongehamp
889 1383 937 1432 fl.
964 1383 1100 1419 Romen.
1121 1384 1204 1419 162.
1256 1381 1420 1419 Brouard
1446 1387 1510 1417 cat.
1536 1380 1638 1417 Eure
1661 1381 1720 1416 46.

114 1443 344 1491 Sper-melaria
369 1442 487 1479 Boiss.
514 1455 587 1490 voy.
615 1441 738 1490 d'Esp.
765 1442 820 1484 II,
848 1443 894 1478 97
915 1447 951 1478 et
972 1443 1053 1478 723.
1105 1441 1215 1478 Doell
1232 1441 1360 1477 Rham.
1376 1442 1424 1490 fl·
1443 1441 1525 1477 620.
1552 1439 1666 1476 Fenzl
1683 1440 1722 1475 in

111 1502 202 1539 Led.
230 1503 280 1551 fl.
305 1514 387 1537 ross.
414 1503 533 1547 2166.
588 1500 730 1537 Griseb.
758 1501 839 1549 spic.
863 1502 911 1551 fl·
937 1502 1058 1538 rumel.
1087 1502 1205 1548 1‚213.
1260 1499 1370 1538 Gren.
1398 1503 1434 1536 et
1465 1497 1576 1536 Godr.
1604 1499 1651 1548 fl.
1667 1498 1721 1547 fr.

115 1562 233 1607 1375.
288 1561 463 1610 Speryula
488 1559 573 1596 Vin.
601 1561 729 1608 damph.
756 1562 878 1607 4‚ss57.

263 1619 446 1656 Arenaria
472 1619 571 1655 Lam.
601 1620 648 1668 fl.
664 1620 719 1668 fr.
745 1619 830 1662 ΙΙΙ,
857 1621 916 1656 43.
969 1618 1060 1655 Ten.
1087 1618 1161 1667 syll.
1190 1619 1234 1667 fl.
1267 1617 1382 1666 Neap.
1415 1619 1499 1654 217.
1564 1615 1642 1654 DC.
1673 1617 1721 1666 fl.

102 1680 156 1728 fr.
191 1680 317 1726 4,792‚
352 1679 475 1727 prodr.
506 1680 623 1725 1,400.

265 1739 477 1787 Lepiyonum
503 1738 609 1775 Koch
634 1752 709 1787 syn.
732 1739 781 1788 fl.
805 1751 839 1786 9.
870 1738 952 1774 120.
1004 1735 1138 1773 Kindb.
1164 1749 1240 1785 syn.
1268 1735 1387 1784 Lepiy.
1415 1737 1449 1772 4.

266 1805 499 1854 Speryularia
525 1805 622 1841 emilis
648 1805 726 1841 le.
754 1816 810 1853 ap.
837 1804 927 1840 Led.
954 1805 988 1844 fi.
1011 1817 1093 1840 ross,
1113 1805 1222 1850 2‚166
1251 1802 1467 1852 (specimina
1492 1799 1672 1849 pusillal).

266 1873 363 1909 Icon.
388 1872 497 1910 Vaifl.
526 1874 587 1909 bot.
615 1873 735 1909 Paris.
763 1879 785 1908 t.
809 1872 894 1914 III,
926 1872 949 1908 f.
978 1873 1016 1918 3,
1044 1875 1167 1908 nostra
1192 1871 1262 1907 tab.
1290 1870 1352 1916 ΠΙ,
1381 1870 1403 1906 f.
1432 1871 1490 1905 31.

265 1942 355 1978 Ems.
387 1942 498 1978 Billot
525 1943 573 1992 fl.
597 1943 681 1991 yall.
710 1948 741 1978 et
762 1954 871 1990 yerm.
899 1954 986 1984 ema,
1025 1940 1117 1978 Puel
1156 1944 1192 1978 et
1226 1940 1349 1977 Maille
1380 1940 1428 1976 hb.
1456 1938 1488 1975 d.
1516 1937 1565 1986 fl.
1599 1937 1658 1973 loc.
1685 1936 1725 1972 de

115 2002 256 2038 France
288 2013 322 2037 n.
351 2002 433 2038 215.

265 2059 360 2097 Hah.
386 2060 479 2096 inter
506 2064 652 2107 segetes
678 2060 716 2097 in
742 2064 839 2097 terra
865 2070 1019 2096 arenosa
1046 2062 1082 2095 et
1107 2058 1298 2106 argsslosa,
1339 2056 1514 2093 interdum
1545 2054 1592 2092 ad
1618 2065 1724 2102 rupes

116 2119 279 2156 humidas
305 2119 343 2155 in
371 2119 516 2167 pascuis
557 2119 707 2165 (Boiss.)
745 2120 914 2157 EUROPAE
945 2118 1074 2155 mediae
1100 2122 1136 2155 et
1161 2116 1423 2154 meridionalis:
1462 2115 1501 2150 in
1531 2113 1726 2151 Germania

117 2177 208 2215 locis
236 2178 440 2226 complurib.
468 2177 516 2213 ad
541 2178 705 2215 Rhenum
732 2191 763 2215 v.
783 2190 812 2215 c.
841 2178 888 2215 ad
913 2178 1017 2214 Bonn
1044 2176 1110 2226 (hb.
1135 2175 1312 2225 sonaim)
1340 2174 1387 2210 ad
1411 2173 1557 2210 Minden
1584 2172 1725 2219 (Weihe

117 2238 156 2274 in
182 2238 235 2273 hb.
262 2237 357 2273 llffus.
386 2237 533 2286 Berol.),·
560 2237 668 2274 etiam
694 2237 742 2274 ad.
766 2237 859 2274 Linz
887 2237 1065 2284 (Wirtyen
1093 2236 1133 2271 in
1158 2236 1210 2271 hb.
1237 2233 1379 2279 Holm.)
1406 2231 1453 2268 ad.
1477 2230 1723 2278 Goettingiam

118 2296 240 2342 (Buelc
265 2296 304 2331 in
329 2296 380 2331 hb.
411 2295 544 2343 Fries)‚·
584 2297 649 2332 civ.
676 2296 858 2343 Hannov.‚
885 2295 1023 2332 Hassia
1064 2293 1225 2343 (Nyman
1254 2292 1327 2340 syll.
1356 2291 1404 2340 fl.
1433 2293 1536 2338 eun),
1574 2289 1725 2326 Lusatia

120 2355 353 2406 (Rabenhorst
370 2354 410 2390 in
425 2354 577 2390 Linnoea
602 2369 631 2390 v.
660 2355 822 2392 Schlecht.
849 2354 912 2400 XI,
943 2353 1029 2403 234)
1058 2356 1094 2388 et
1112 2352 1245 2400 Belyia.
1285 2351 1327 2387 In
1352 2349 1485 2385 Turcia
1511 2348 1558 2385 ad.
1582 2348 1724 2396 Byzan-

117 2415 205 2450 tium
233 2413 396 2464 (Nyman
423 2413 443 2448 Z.
472 2412 529 2462 c.),
570 2413 696 2449 Rossia
721 2425 806 2450 mer.
831 2413 879 2450 ad.
903 2412 1025 2459 Wolg.
1050 2411 1151 2447 infer.
1186 2420 1298 2458 prope
1324 2408 1476 2456 Sarepta
1517 2408 1665 2458 (Becker
1696 2414 1727 2444 et

118 2473 234 2522 Rupr.
259 2473 299 2509 in
323 2473 375 2508 hb.
402 2471 533 2521 Fries);
574 2471 683 2507 Italia
709 2472 755 2509 ad
781 2473 955 2509 Turinum
982 2471 1069 2521 (All.
1095 2482 1156 2506 sec.
1182 2468 1301 2518 DC.);
1337 2467 1534 2516 Hispania,
1562 2465 1726 2504 Guadar-

119 2544 220 2569 rama
245 2532 295 2580 (J.
325 2530 479 2580 Lanyel)
512 2529 560 2567 ad
591 2529 731 2568 Toledo
772 2531 980 2581 (Bourqeau
1005 2531 1045 2567 in
1070 2531 1123 2567 hb.
1148 2527 1300 2578 Paria),
1340 2527 1378 2564 in
1403 2538 1479 2574 reg.
1505 2526 1575 2575 alp.
1603 2525 1724 2564 Sierra
